3442 5302
539 660 654 730 FONS
682 659 995 730 EBSHAMENSIS.
1306 683 1364 746 107

216 849 282 910 abit
297 850 328 910 in
346 850 531 928 coagulum,
549 850 575 910 si
593 867 672 912 vero
689 851 728 911 ad
747 851 928 912 siccitatem
947 851 1140 913 continuato
1167 852 1241 930 igne
1268 850 1367 913 tuerit

216 950 397 1026 redactum,
415 950 498 1011 intra
515 951 669 1030 exiguum
687 951 845 1030 temporis
861 953 1003 1030 spatium
1020 952 1052 1012 in
1071 953 1225 1029 liquorem
1254 970 1365 1014 rursus

216 1052 432 1127 convertitur;
451 1068 556 1128 neque
574 1053 674 1111 ullum
692 1069 733 1111 ex
749 1051 865 1130 salium
883 1050 1005 1112 familia
1022 1056 1135 1113 notum
1158 1057 1210 1113 est
1236 1052 1295 1132 ipsi
1323 1053 1365 1114 sl-

216 1152 303 1227 mile,
321 1151 406 1228 quod
423 1156 489 1212 tam
507 1151 615 1212 subito
633 1169 673 1211 ex
690 1169 766 1213 aere
783 1152 916 1230 recipiat
933 1153 1159 1212 humiditatem
1178 1158 1211 1212 et
1232 1170 1273 1213 ex
1296 1158 1364 1214 1010

216 1253 431 1329 deliquescat,
449 1269 521 1312 curn
539 1257 650 1312 tamen
669 1269 775 1330 neque
793 1254 841 1312 sal
864 1253 957 1312 alcali
984 1252 1037 1328 sit,
1066 1269 1125 1313 nec
1152 1253 1279 1313 acidum
1308 1271 1365 1332 pu·

217 1370 298 1428 rum,
316 1353 374 1412 sed
391 1352 529 1412 mediam
549 1357 696 1413 naturam
714 1353 874 1414 obtineat.

258 1452 419 1514 Lixivium
437 1455 498 1514 hoc
514 1453 592 1513 salis
608 1453 834 1532 inspissatum,
855 1470 918 1514 non
936 1470 1033 1514 secus
1049 1471 1085 1514 ac
1103 1453 1247 1514 lixivium
1277 1456 1364 1531 nitri,

218 1557 365 1632 prompte
382 1553 414 1612 in
432 1554 585 1614 unionem
603 1557 637 1613 et
653 1554 827 1631 amplexus
844 1553 906 1615 ruit
922 1553 1056 1632 spiritus
1073 1554 1139 1613 vini
1165 1547 1366 1616 rectificatisss

218 1655 300 1729 sirni,
318 1671 382 1731 quo
398 1657 530 1714 constat
554 1654 601 1713 sal
629 1653 705 1714 illud
737 1652 834 1713 valde
864 1655 1076 1732 sulphureum
1108 1671 1194 1729 esse,
1226 1656 1296 1716 sive
1324 1674 1365 1716 ex

217 1755 415 1833 corpusculis
432 1755 618 1832 pinguibus,
635 1753 831 1832 sulphureis,
850 1760 883 1814 et
898 1755 1121 1815 subtilioribus
1137 1757 1364 1834 compositum.

219 1973 311 2016 mens
327 1972 399 2015 cum
417 1955 628 2016 exhalatione
644 1955 775 2034 spiritus
791 1956 870 2015 salis
886 1955 1089 2016 subtilissimi
1111 1953 1366 2018 effervescentia

219 2058 412 2131 concitatur,
431 2059 464 2116 et
480 2055 594 2132 liquor,
614 2072 677 2116 non
695 2072 791 2115 secus
807 2072 844 2115 ac
862 2055 891 2115 id
908 2055 1021 2115 evenit
1044 2072 1117 2115 cum
1142 2057 1251 2118 lixivio
1279 2059 1364 2133 nitri,

219 2157 249 2216 in
265 2157 375 2217 album
393 2157 563 2234 coagulum
582 2156 734 2230 vertitur,
752 2155 802 2215 cui
819 2156 844 2215 si
866 2155 1034 2216 suffrciens
1060 2173 1155 2233 aquae
1181 2160 1365 2219 communis

218 2257 386 2334 quantitas
411 2254 604 2332 affunditur,
632 2256 740 2334 pulvis
764 2256 921 2316 candidus
947 2257 1097 2334 copiosus
1122 2256 1153 2316 in
1170 2256 1272 2318 fundo
1288 2259 1366 2319 sub-

220 2358 314 2418 sidet.
1231 2405 1232 2412 ,

261 2458 360 2534 Dein,
376 2457 507 2534 quando
523 2474 651 2516 summe
668 2457 852 2536 amaricans
869 2456 1013 2516 lixivium
1032 2457 1122 2533 saliS,
1150 2474 1247 2535 aquo
1263 2460 1365 2538 primo

220 2576 315 2620 omne
332 2559 379 2618 sal
396 2575 570 2618 commune
591 2575 648 2636 per
675 2557 943 2636 evaporationem
971 2564 1004 2619 et
1030 2559 1364 2635 chrystallisationem

220 2661 370 2735 secessit,
387 2675 460 2720 curn
479 2659 640 2721 solutione
657 2659 734 2719 salis
750 2658 844 2719 alcali
871 2658 942 2718 sive
969 2659 1040 2718 oleo
1067 2659 1179 2718 tartari
1206 2676 1262 2737 per
1289 2660 1366 2721 deli·

220 2762 328 2838 quium
346 2759 513 2834 miscetur,
542 2760 656 2819 eodem
685 2759 778 2820 modo
805 2776 842 2819 ac
870 2775 942 2818 cum
971 2757 1080 2819 lixivio
1098 2759 1183 2835 nitri,
1201 2761 1312 2820 statim
1330 2759 1366 2822 frt

220 2863 334 2940 ingens
349 2861 533 2937 coagulum,
551 2864 584 2919 et
600 2859 702 2936 liquor
715 2859 746 2918 in
760 2876 903 2920 crassam
918 2859 1025 2919 albam
1038 2856 1136 2920 0113111
1150 2862 1363 2934 convertitur,

220 2979 259 3022 ex
275 2979 352 3039 qua,
370 2957 477 3021 affusa
494 2976 578 3036 aqua
595 2960 771 3035 communi,
800 2961 908 3038 pulvis
936 2959 1095 3020 candidus
1120 2962 1266 3021 subtilior
1292 2961 1364 3022 iun-

220 3062 294 3122 dum
312 3062 403 3146 petit.
448 3058 593 3137 Quando
619 3061 720 3137 liquor
744 3064 981 3138 supernatans,
1010 3078 1050 3120 ex
1077 3061 1262 3139 adjectione
1290 3063 1367 3124 salis

219 3163 311 3223 alcali
328 3168 360 3223 et
375 3164 436 3223 hoc
454 3161 563 3224 lixivio
579 3161 790 3239 proveniens,
807 3161 1014 3239 inspissatur,
1038 3166 1072 3222 et
1087 3162 1126 3221 ad
1143 3163 1368 3240 chrystallisa·

218 3265 339 3325 tionem
357 3263 387 3322 in
405 3260 583 3338 subfrigido
599 3262 667 3321 loco
685 3262 862 3339 reponitur,
880 3261 927 3320 sal
945 3261 1092 3338 emergit,
1106 3263 1190 3339 quod
1204 3263 1243 3322 ad
1257 3281 1366 3324 aerem

220 3381 283 3425 non
300 3363 462 3440 liquescit.

262 3465 428 3526 Praeterea
447 3481 488 3523 ex
505 3462 642 3538 unciis3
670 3462 748 3522 salis
776 3461 913 3522 lixiviosi
941 3462 1107 3540 inspissati
1134 3468 1267 3524 etcum
1295 3465 1366 3525 oleo

219 3566 331 3626 tartari
348 3581 404 3643 per
420 3563 596 3640 deliquium
624 3562 830 3641 praecipitati,
857 3561 946 3623 iacta
971 3562 1143 3624 sufficienti
1160 3565 1367 3625 elutriatione

219 3683 291 3726 cum
309 3682 405 3742 aqua,
437 3664 457 3724 6
486 3665 659 3726 drachmas
689 3663 834 3742 pulveris
864 3664 1053 3739 subtilioris
1085 3664 1195 3741 terrei,
1226 3665 1366 3741 candidi,

220 3767 419 3841 obtinemus,
436 3765 489 3842 qui
508 3781 571 3824 non
589 3764 682 3823 aliter
699 3782 735 3823 ac
754 3764 923 3841 magnesia
939 3781 980 3823 ex
997 3764 1105 3825 lixivio
1133 3765 1206 3825 nitri
1233 3766 1365 3841 educta,

220 3884 291 3927 curn
309 3863 416 3926 affuso
433 3864 545 3944 spiritu
564 3863 637 3924 nitri
654 3862 781 3924 fortiter
797 3863 941 3942 confligit
954 3865 1051 3942 inque
1065 3866 1111 3924 sal
1127 3869 1278 3925 neutrum
1293 3868 1367 3926 sub·

219 3967 403 4027 amaricans
419 3965 606 4024 resolvitur.
948 3951 949 3954 ¹

261 4068 293 4129 ln
312 4072 449 4142 utroque
465 4066 563 4126 etiarn
589 4064 698 4125 lixivio
724 4064 888 4127 delitescit
914 4066 1063 4125 calcarea
1089 4066 1238 4142 quaedam
1266 4072 1365 4142 terra,

219 4186 291 4229 curn
309 4167 378 4228 sale
405 4166 496 4226 acido
518 4165 632 4226 intime
659 4164 718 4224 sibi
746 4165 860 4227 mixta.
906 4165 939 4225 ln
956 4166 1104 4226 coctione
1121 4166 1198 4226 salis
1215 4167 1368 4228 culinarls

220 4270 249 4328 in
267 4268 366 4329 fundo
384 4267 559 4343 sartaginis
584 4263 713 4338 ferreae,
732 4265 786 4326 ubi
803 4267 962 4342 coquitur,
990 4282 1065 4325 sese
1082 4265 1113 4324 in
1131 4266 1248 4342 insigni
1263 4283 1367 4343 quan·

219 4371 313 4430 titate
330 4368 462 4447 apponit
478 4372 564 4427 terra
581 4365 730 4442 quaedam
747 4366 908 4442 calcarea,
931 4382 1005 4444 quae
1033 4367 1073 4425 ab
1101 4364 1281 4425 artificibus
1312 4385 1367 4429 vo·

220 4476 311 4533 catur
326 4472 382 4534 der
395 4467 496 4534 sulib.
