3442 5302
571 704 1015 774 rousausnnneusra
1312 721 1367 789 105

218 894 319 954 multo
336 894 492 972 majorem
510 893 635 972 copiam
658 893 853 971 aquositatis
869 894 901 953 in
918 895 1167 972 complexusuo
1182 892 1307 969 foveat,
1325 894 1370 955 ita

219 998 254 1054 ut
270 994 295 1054 si
312 992 435 1054 tornaci
453 993 555 1055 calido
572 995 757 1072 imponatur
774 994 814 1054 ad
832 995 946 1055 uncias
963 999 1044 1070 tres,
1068 994 1098 1054 id
1124 995 1228 1073 ipsum
1254 994 1372 1072 liques-

219 1098 284 1170 cat,
302 1098 337 1154 et
352 1095 455 1154 instar
472 1111 566 1172 aquae
582 1093 674 1165 tluat,
688 1095 1002 1156 remanentibusvix
1015 1110 1033 1154 2
1045 1095 1159 1157 unciis.
1206 1093 1371 1156 Praeterea

220 1195 246 1254 si
272 1195 303 1254 in
332 1195 449 1272 aequali
476 1195 624 1274 portione
650 1211 745 1273 aquae
768 1195 906 1256 solvitur
923 1200 956 1256 et
971 1194 1079 1273 frigori
1095 1195 1321 1271 committitur,
1339 1196 1370 1255 in

220 1297 392 1373 coagulum
410 1300 443 1355 et
460 1294 595 1356 solidam
624 1294 693 1356 iere
722 1313 865 1356 massam
895 1296 975 1371 abit,
1004 1300 1040 1356 ut
1066 1294 1191 1356 effundi
1218 1300 1371 1373 nequeat.

222 1393 348 1456 Contra
367 1412 456 1472 vero,
471 1396 497 1455 si
510 1396 664 1457 solutioni
677 1396 852 1457 instillatur
865 1397 972 1457 oleum
985 1396 1100 1457 tartari
1112 1413 1168 1475 per
1181 1397 1370 1474 deliquium,

220 1499 335 1557 eadem
354 1497 430 1559 non¹
444 1496 520 1571 coit,
533 1496 807 1573 quemadmodum
822 1513 894 1556 cum
909 1495 1107 1558 Sedlicensis
1120 1501 1154 1558 et
1167 1497 1372 1557 Ebsbamen-

137 1594 138 1598 ’
221 1597 265 1658 sis
281 1597 360 1657 salis
376 1596 538 1658 solutione
555 1597 725 1674 contingit.
772 1595 925 1674 Denique
943 1613 1072 1674 magma
1095 1597 1172 1657 illud
1189 1597 1293 1658 salino
1309 1602 1372 1657 ter·

222 1714 326 1772 reum,
343 1697 429 1774 quod
447 1714 488 1757 ex
504 1696 582 1775 ipsis
599 1695 845 1758 Sedlicensibus
867 1697 960 1774 aquis
987 1697 1181 1773 extrahitur,
1210 1697 1236 1758 si
1262 1697 1371 1757 denuo

221 1797 337 1857 iterum
354 1813 439 1874 aqua
465 1799 616 1872 solvitur,
643 1797 796 1873 relinquit
823 1797 921 1858 etiam
950 1797 1119 1858 materiam
1136 1814 1217 1876 pure
1234 1798 1372 1877 lapides·

222 1902 365 1959 centem.
412 1897 444 1959 Si
471 1897 625 1958 solutioni
647 1897 724 1958 salis
746 1896 945 1958 Sedlicensis
962 1902 996 1958 et
1014 1898 1247 1959 Ebsbamensis
1263 1899 1370 1959 oleum

222 1998 267 2056 sic
283 1997 405 2058 dictum
422 1997 536 2058 tartari
551 2014 608 2076 per
625 1998 801 2074 deliquium
819 1998 1008 2074 instillatur,
1032 1999 1173 2078 spissum
1196 1999 1370 2059 admodum

223 2102 256 2157 et
271 2098 381 2158 album
408 2098 545 2175 emergit
571 2100 756 2176 coagulum,
785 2098 870 2176 quod
888 2097 1063 2159 sufficienti
1079 2116 1174 2177 aquae
1189 2099 1373 2160 communis

222 2199 407 2274 quantitate
423 2199 574 2274 dilutum,
592 2215 649 2277 per
666 2200 813 2259 chartam
831 2199 974 2260 bibulam
1003 2200 1189 2277 trajectum,
1220 2199 1373 2276 relinquit

223 2306 342 2361 terram
371 2299 570 2359 albissimam
603 2299 633 2358 in
664 2296 760 2374 filtro,
791 2315 866 2376 quae
897 2317 1014 2378 magna
1045 2298 1300 2360 effervescentia
1330 2302 1371 2361 ab

223 2397 329 2460 affuso
346 2400 459 2479 spiritu
478 2399 596 2461 vitrioli
612 2400 728 2460 iterum
747 2400 897 2476 solvitur,
916 2404 949 2461 et
976 2418 1089 2461 rursus
1116 2404 1217 2461 salem
1244 2402 1372 2479 praebet

224 2501 458 2561 amaricantem
476 2501 657 2561 laxantem.
704 2499 868 2561 Posterior
895 2517 974 2561 vero
1000 2503 1071 2562 baec
1099 2501 1228 2577 soluti0,
1246 2518 1319 2578 quae
1336 2500 1372 2562 frt

225 2618 265 2661 ex
282 2600 444 2661 solutione
462 2601 539 2661 salis
555 2599 769 2676 Sedlicensis,
787 2602 887 2661 mixta
906 2618 978 2661 curn
997 2603 1069 2662 oleo
1096 2602 1218 2674 tartari
1237 2619 1293 2680 per
1318 2603 1374 2662 de-

225 2701 369 2778 liquium,
388 2701 465 2760 item
483 2701 514 2760 in
531 2703 579 2761 sal
596 2701 728 2762 tertium
747 2702 951 2778 coagulatur,
969 2703 1052 2778 quod
1069 2707 1180 2763 tamen
1200 2719 1263 2762 non
1280 2708 1373 2762 tanta
1473 2685 1476 2692 ¹

225 2802 374 2862 amaritie
390 2819 426 2861 ac
444 2802 476 2860 vi
493 2802 626 2861 laxante
643 2803 755 2880 pollet,
772 2818 869 2880 quarn
897 2803 997 2881 prius,
1043 2800 1120 2878 Quo
1146 2804 1374 2882 experimento

224 2901 408 2963 confirmari
424 2907 530 2981 putat,
547 2906 666 2962 terram
684 2904 768 2963 banc
782 2903 967 2979 calcariam,
980 2903 1070 2963 acido
1084 2909 1226 2964 nontam
1240 2901 1374 2964 firmiter

225 3009 257 3065 et
273 3004 388 3064 intime
404 2985 644 3077 adhaerescere,
662 3007 695 3062 et
710 3007 831 3063 terram
848 3005 933 3064 banc
950 3020 1025 3064 esse
1041 3004 1137 3064 valde
1153 3005 1302 3065 alcalinae
1319 3022 1374 3065 na·

226 3109 321 3179 turae,
340 3108 374 3164 et
390 3105 487 3182 plane
503 3104 662 3181 integram
681 3108 714 3164 et
730 3104 887 3165 illibatam
906 3120 1053 3180 manere,
1071 3105 1097 3164 si
1124 3105 1164 3165 ab
1190 3105 1272 3165 acidi
1298 3123 1373 3164 con·

227 3205 325 3266 nubio
342 3204 508 3266 liberetur.

618 3336 714 3414 [Fons
735 3335 982 3418 Ebslznmensisl

267 3473 314 3535 De
329 3469 402 3535 Sale
410 3469 514 3552 fontis
528 3469 778 3533 Ebslramensis*
823 3471 873 3532 De
892 3479 1008 3533 natura
1024 3477 1057 3534 et
1073 3473 1181 3534 indole
1197 3473 1281 3534 illius
1297 3475 1374 3534 salis

226 3575 290 3653 jam
308 3578 418 3634 actum
436 3572 535 3632 estin
551 3572 839 3648 antecedentibus
857 3577 890 3632 et
905 3573 1010 3634 adbuc
1028 3574 1145 3634 melius
1160 3575 1214 3633 illa
1229 3574 1374 3635 innotes-

228 3692 301 3735 cere
318 3679 427 3753 potest
444 3691 485 3733 ex
512 3673 724 3752 scriptoribus
752 3674 954 3750 Anglicanis.
1002 3673 1096 3734 Drius
1124 3671 1227 3734 Grew
1254 3675 1294 3734 de
1321 3675 1373 3736 illo

228 3775 367 3854 scripsit,
386 3780 419 3834 et
437 3773 531 3834 Drius
549 3773 664 3849 Lister,
684 3775 731 3850 [in
751 3773 875 3850 libello]
895 3772 942 3836 De
957 3773 1106 3836 Fontibus
1122 3773 1290 3836 Medicalis
1305 3775 1374 3837 An·

224 3876 312 3957 glum
336 3881 369 3936 et
385 3875 549 3935 concludit
567 3873 662 3934 Drius
680 3874 797 3950 Lister,
814 3875 899 3950 quod
916 3875 947 3934 in
964 3875 1057 3952 aquis
1072 3875 1217 3936 fontanis
1235 3876 1372 3952 Angliae,

261 4110 277 4142 t
297 4109 332 4176 [E
347 4107 492 4174 margine]
531 4107 573 4161 De
586 4110 643 4162 sale
663 4107 843 4162 Ebsbamensi
857 4109 951 4176 scripsi
965 4112 1029 4163 sunt
1043 4108 1124 4163 Drius
1138 4109 1252 4164 Nehem.
1278 4109 1372 4175 Grew,

231 4196 304 4249 Prot.
319 4191 457 4260 [Jobann]
472 4193 524 4246 nd.
539 4191 643 4257 Wedel,
653 4197 679 4246 et
693 4190 801 4257 [Drius]
818 4191 925 4247 Rosin.⁹
962 4193 1102 4247 Lentilius.
1140 4193 1258 4247 Primum
1271 4209 1304 4246 ex
1314 4195 1373 4248 ion-

230 4282 302 4334 tibus
315 4294 368 4332 non
382 4279 472 4345 procul
491 4293 506 4330 a
526 4276 649 4330 Londino
668 4277 727 4329 sitis
745 4277 868 4330 habitum
892 4281 944 4340 est,
968 4277 1048 4330 bodie
1071 4292 1135 4330 vero
1160 4293 1223 4331 non.
1261 4261 1391 4333 Paratur⁶
1486 4267 1489 4271 ’

230 4363 307 4417 hodie
320 4363 416 4431 partim
430 4376 463 4413 ex
476 4361 533 4413 sale
546 4363 649 4413 marino
661 4364 686 4412 et
699 4360 755 4413 oleo
768 4361 892 4424 victrioli,
906 4362 1002 4426 partim
1015 4376 1048 4412 ex
1062 4361 1153 4413 lixivio
1171 4362 1237 4414 salis
1255 4376 1372 4416 commu·

231 4449 273 4500 nis
290 4451 316 4500 et
334 4448 420 4514 capite
439 4449 543 4498 mortuo
562 4444 686 4497 victrioli:
705 4444 773 4496 idern
793 4448 906 4511 praestat
923 4445 1003 4498 etiarn
1022 4447 1063 4498 sal
1089 4444 1208 4498 mirabile
1231 4443 1372 4503 Glauberi.

230 4534 377 4588 Bresslauclr
390 4535 482 4586 Natur·
495 4533 547 4586 und
557 4531 676 4584 Medr'cr'n·
690 4531 842 4594 Gesolnklrte,
855 4531 919 4581 anni
935 4543 1008 4594 1717.
