3524 5314
333 686 371 764 5⁶
714 683 899 748 besara·
921 683 1137 750 comarum

329 870 428 948 diggt,
445 868 577 948 capacia
593 873 673 929 sunt
690 880 747 946 512
764 869 994 930 cantharorum
1019 868 1237 947 Hallensium;
1259 870 1318 932 sed
1340 888 1416 949 quae
1438 871 1478 932 ad

331 969 510 1048 Principem
527 968 692 1046 pertinent
709 972 787 1029 sunt
803 968 943 1030 diversae
960 969 1152 1048 capacitatis
1177 975 1211 1031 et
1234 971 1477 1050 magnitudinis.

332 1070 454 1131 Insistit
470 1069 597 1129 camino
607 1086 680 1144 vas,
694 1069 745 1128 vel
755 1069 862 1148 potius
873 1070 995 1149 pendet
1008 1071 1048 1130 ab
1066 1071 1159 1132 uncis
1170 1075 1203 1131 et
1213 1071 1340 1132 circulis
1351 1070 1477 1146 ferreis,

331 1172 376 1231 ita
393 1175 428 1230 ut
443 1169 611 1249 aptissime
627 1169 767 1230 insideat
783 1185 886 1231 muro.
918 1169 983 1230 Vas
1005 1174 1136 1231 constat
1159 1171 1288 1231 laminis
1309 1170 1424 1232 ferreis
1447 1177 1480 1232 et

331 1270 484 1350 ponderis
500 1287 575 1330 esse
591 1270 675 1330 solet
693 1285 708 1346 3
725 1271 1002 1346 centenariorum,
1016 1275 1050 1330 et
1065 1271 1221 1332 continue
1237 1272 1362 1332 servari
1372 1276 1481 1351 potest

330 1372 362 1431 in
376 1371 449 1448 igne
463 1387 519 1449 per
532 1371 672 1449 spatium
686 1384 727 1430 20
738 1369 1009 1449 septimanarum;
1025 1371 1123 1432 tertio
1138 1371 1256 1450 quovis
1272 1371 1323 1432 die
1340 1388 1480 1451 purgan-

331 1472 391 1532 dus
407 1476 459 1532 est
474 1469 596 1532 fundus
612 1471 712 1542 vasis,
725 1471 751 1529 51
767 1469 852 1530 enim
870 1471 988 1548 aliquid
1005 1469 1106 1532 fundo
1122 1471 1273 1547 inbaeret,
1288 1473 1479 1550 abstergen-

332 1572 407 1631 dum
424 1576 487 1645 est,
505 1570 585 1630 31135
601 1571 641 1630 ab
658 1571 731 1648 igne
754 1570 924 1633 exeditur¹.

374 1671 555 1732 Periculum
573 1670 670 1731 etiam
688 1668 811 1730 factum
829 1675 881 1731 est
896 1672 1038 1732 carbone
1053 1668 1156 1734 fossili
1179 1673 1249 1733 loco
1272 1672 1347 1750 ligni
1371 1673 1429 1748 uti,
1447 1677 1480 1732 et

330 1753 543 1833 observatum
561 1776 624 1846 est,
642 1771 689 1830 sal
708 1771 781 1848 igne
798 1771 853 1830 tali
870 1772 1062 1848 carbonum,
1086 1774 1238 1850 quamvis
1259 1772 1376 1852 lapidei
1399 1773 1480 1834 satis

330 1871 446 1947 fuisse,
465 1888 567 1948 usque
583 1870 709 1931 tamen*
724 1871 890 1931 albentius
906 1876 940 1932 et
955 1872 1124 1933 candidius
1140 1872 1262 1934 factum
1279 1872 1395 1949 fuisse,
1406 1873 1479 1933 binc

330 1966 429 2034 etiarn
446 1972 606 2033 carbones
622 1972 707 2031 tales
723 1969 854 2031 fossiles
870 1971 901 2031 in
914 1973 1109 2051 quibusdam
1124 1973 1274 2034 domibus
1285 1978 1479 2053 evaporato·

332 2074 385 2134 riis
401 2090 473 2133 cum
491 2073 714 2132 emolumento
731 2076 917 2150 usurpatur.

373 2173 568 2250 Evaporatio
585 2171 748 2250 peragitur
765 2171 860 2233 modo
883 2173 1054 2249 sequenti:
1101 2173 1133 2234 ln
1158 2174 1320 2234 caminum
1346 2174 1478 2235 mittun·

330 2279 382 2334 tur
413 2273 500 2351 ligna
524 2273 575 2332 vel
600 2272 773 2347 carbones,
799 2272 856 2332 sed
880 2289 981 2352 parva
1005 2273 1204 2351 quantitate;
1230 2275 1260 2335 in
1285 2291 1346 2335 vas
1376 2273 1478 2334 fertur

331 2392 428 2452 aqua,
448 2374 499 2433 vel
517 2373 590 2433 illuc
608 2388 664 2450 per
681 2373 828 2432 canalem
846 2373 1009 2449 quendam
1027 2373 1166 2450 ducitur,
1185 2375 1242 2435 sed
1258 2374 1396 2453 primum
1415 2392 1478 2436 non

331 2475 433 2553 magis
448 2490 545 2552 quam
563 2478 599 2533 ut
614 2477 768 2550 tangatur
784 2473 878 2534 modo
901 2473 1034 2549 fundus,
1059 2474 1183 2535 scilicet
1205 2480 1241 2536 ut
1270 2475 1480 2554 experiantur

332 2593 407 2636 num
425 2575 456 2635 in
474 2575 538 2635 situ
555 2572 747 2634 horizontali
763 2573 878 2634 sedeat
891 2561 962 2650 vas,
979 2574 1065 2651 quod
1080 2575 1300 2636 necessarium
1319 2580 1371 2635 est
1381 2596 1389 2652 ;
1405 2575 1478 2636 dein

331 2674 547 2736 infunduntur
570 2689 607 2733 21
640 2675 692 2733 vel
725 2689 763 2734 22
794 2676 961 2753 amphorae
984 2675 1037 2734 vel
1054 2676 1179 2750 timber,
1198 2681 1231 2736 et
1246 2681 1324 2736 tunc
1341 2676 1478 2755 primum

329 2776 517 2837 accenditur
531 2775 623 2852 ignis.
660 2775 845 2851 Antequam
864 2775 974 2855 incipit
989 2775 1105 2851 coctio,
1118 2775 1298 2836 infunditur
1311 2776 1479 2854 sanguinis

329 2877 440 2938 bovini
457 2874 569 2936 unum³
585 2891 696 2954 cornu,
714 2875 798 2952 quod
816 2872 1062 2955 vocaturfarbe,
1079 2876 1204 2936 scilicet
1227 2881 1263 2936 ut
1285 2881 1479 2955 separentur

331 2978 405 3038 inde
422 2976 599 3037 cruditates
615 2991 676 3055 ope
693 2973 956 3036 fermentationis
971 2975 1045 3035 inde
1062 2976 1220 3037 oriundae.
1259 2975 1406 3037 Tandem
1423 2977 1479 3037 im-

329 3081 434 3158 pletur
451 3093 510 3136 vas
523 3093 606 3153 aqua
623 3075 739 3152 salina,
757 3075 881 3136 scilicet
895 3074 936 3156 4}
951 3077 1059 3151 zilber,
1077 3078 1129 3136 vel
1149 3076 1188 3154 36
1203 3078 1316 3137 'ambar
1339 3083 1398 3138 aut
1413 3093 1480 3138 arn·

331 3179 460 3259 phoris;
490 3182 569 3238 tunc
593 3181 731 3254 augetur
747 3177 843 3238 calor.
888 3175 1015 3237 interea
1032 3177 1197 3254 peragitur
1213 3177 1315 3238 coctio
1338 3177 1443 3256 spatio
1459 3176 1480 3250 1

331 3280 431 3358 partis
448 3279 536 3338 horae
553 3282 586 3336 et
609 3277 648 3336 ad
673 3275 878 3354 superficiem
910 3277 1115 3355 praecipitant
1145 3294 1181 3337 se
1212 3277 1418 3356 impuritates
1447 3278 1478 3337 in

331 3397 494 3458 spumam,
512 3394 585 3455 quae
601 3393 662 3456 ope
686 3377 815 3455 spathae
838 3377 954 3455 ligneae
985 3377 1149 3452 eximitur,
1181 3377 1300 3437 exinde
1330 3377 1481 3438 clarescit

331 3497 434 3557 aqua;
450 3495 543 3538 asser
559 3482 637 3537 tunc
655 3478 931 3555 superimponitur
946 3493 987 3536 ne
1003 3477 1128 3537 scilicet
1144 3476 1253 3538 fumus
1270 3495 1305 3537 se
1323 3478 1478 3552 insinuet,

330 3597 451 3662 perque
468 3579 609 3659 spatium
627 3595 638 3638 1
655 3579 755 3639 borae
772 3581 852 3638 tunc
869 3578 1050 3639 intenditur
1067 3580 1166 3653 calor,
1185 3583 1219 3639 et
1234 3579 1317 3656 ignis
1333 3579 1385 3639 ille
1402 3584 1479 3640 tunc

331 3687 467 3744 vocatur
497 3680 580 3758 ignis
612 3696 762 3756 magnus
810 3676 964 3756 Cumque
994 3683 1155 3758 apparent
1185 3679 1283 3739 bullae
1313 3679 1478 3754 clarioreS,

331 3785 457 3862 signum
482 3786 534 3840 est
556 3779 791 3857 granulationis
821 3781 873 3839 vel
897 3779 1206 3858 chrystallisationis
1230 3779 1357 3854 salinae,
1375 3777 1480 3840 affun-

331 3885 453 3944 duntur
469 3883 521 3942 illo
537 3885 683 3959 tempore
700 3880 881 3940 cochlearia
897 3880 1047 3956 quaedam
1062 3879 1243 3956 cerevisiae,
1257 3897 1331 3957 quae
1344 3885 1480 3940 vocatur

331 3980 587 4056 schwenlenlrr'er,
601 3981 725 4041 scilicet
734 3986 768 4041 ut
781 3980 957 4059 adjuvetur
970 3980 1151 4058 coagulatio
1164 3983 1198 4040 'et
1210 3981 1479 4059 chrystallisatio.

331 4084 435 4164 Super
451 4101 511 4142 vas
528 4083 580 4141 vel
604 4081 802 4159 sartaginem
825 4086 904 4142 tunc
928 4086 1155 4160 tegumentum
1179 4080 1339 4158 quoddam
1363 4080 1481 4140 asseri·

330 4188 411 4246 tium
426 4185 599 4257 relocatur,
614 4186 648 4241 et
663 4183 796 4260 insuper
812 4197 830 4242 2
847 4181 952 4259 glebae
968 4183 1020 4241 vel
1038 4183 1153 4242 corbes
1169 4198 1209 4240 ex
1227 4180 1348 4240 vimine
1359 4178 1480 4242 ‘convo-

331 4288 421 4362 lutae,
434 4286 466 4344 in
482 4300 564 4361 quas
579 4281 727 4342 aufertur
743 4284 804 4354 sal,
819 4287 852 4342 et
865 4282 1034 4360 replentur
1046 4281 1088 4342 illi
1101 4286 1259 4358 quantum
1274 4298 1391 4360 capere
1407 4298 1479 4359 pos·

329 4386 488 4458 sint,inde
501 4384 655 4445 continue
668 4383 769 4443 stillat
781 4400 866 4459 aqua
883 4388 916 4442 et
932 4381 1043 4442 defluit
1059 4382 1090 4442 in
1108 4399 1186 4458 vas;
1202 4382 1370 4459 quantitas
1385 4398 1479 4458 aquae
1521 4454 1531 4466 ⁵

330 4488 374 4551 ita
390 4485 663 4570 proportionatur,
676 4487 711 4546 ut
726 4483 843 4563 quavis
861 4483 932 4544 vice
948 4483 1144 4565 impleantur
1161 4483 1246 4546 binae
1262 4483 1347 4544 tales
1363 4483 1480 4544 corbes
