3442 5302
257 597 261 679 ἶ
324 644 382 702 144
680 632 747 694 na
770 631 896 696 sarr
921 631 1160 697 connum

320 814 452 878 tionem
479 822 583 889 arcet,
603 822 640 880 ut
667 835 729 892 per
751 835 862 878 annos
888 815 1016 879 servari
1043 815 1190 892 possint:
1224 817 1272 881 sic
1295 838 1360 881 ova
1377 818 1411 881 in
1427 817 1523 882 cistis

320 914 454 989 integra
470 914 599 977 servari
614 923 759 991 possunt
774 936 793 978 a
809 915 1001 992 putredine,
1021 915 1048 977 si
1065 915 1127 979 sali
1144 917 1277 980 marino
1293 916 1327 980 in
1345 917 1521 994 pulverem

275 1060 278 1065 -
319 1001 461 1078 redacto
477 1013 732 1091 inspergantur.

363 1115 416 1178 De
439 1114 511 1178 sale
537 1135 599 1178 suo
626 1113 773 1196 mirabili
799 1114 904 1178 refert
929 1114 1133 1190 Glauberus‚
1152 1116 1180 1179 si
1203 1137 1284 1180 caro
1301 1116 1360 1180 illo
1375 1126 1518 1194 teratur,

320 1217 413 1293 quod
439 1216 472 1279 in
499 1236 579 1278 aere
605 1236 674 1278 non
701 1222 891 1291 putrescat;
926 1223 977 1278 est
1001 1215 1202 1294 corporibus
1219 1215 1316 1292 quasi
1333 1216 1517 1294 balsamuS,

320 1338 409 1393 quae
435 1315 469 1379 in
495 1314 555 1378 illo
580 1317 824 1390 reconduntur,
844 1324 878 1378 et
901 1311 959 1378 illa
976 1323 1088 1379 tractu
1105 1315 1273 1393 temporis
1289 1316 1522 1394 lapidescunt;

319 1417 417 1494 plura
441 1414 554 1480 adhuc
577 1414 683 1478 habet
698 1416 741 1478 de
756 1414 828 1479 sale
843 1435 916 1490 suo,
935 1416 996 1479 sed
1011 1415 1167 1480 recondit
1183 1415 1241 1479 illa
1257 1418 1321 1480 sub
1337 1418 1517 1494 mysteriis.

361 1517 399 1580 Si
413 1536 535 1580 carnes
550 1514 604 1579 vel
622 1515 733 1593 pisces
748 1514 898 1580 salsatae
914 1523 1109 1591 coquantur
1123 1516 1157 1580 in
1173 1538 1265 1592 aqua
1281 1516 1381 1592 salsa,
1401 1517 1435 1580 in
1452 1539 1521 1594 qua

319 1615 510 1694 posteriore
534 1614 639 1692 dupla
663 1613 743 1677 salis
770 1615 947 1691 quantitas
974 1616 1094 1678 estad
1120 1616 1353 1692 quantitatem
1377 1617 1458 1680 salis
1485 1617 1519 1680 in

318 1737 421 1781 carne
450 1715 505 1780 vel
535 1714 639 1792 pisce,
666 1724 749 1778 tunc
779 1736 820 1778 ex
849 1708 1021 1778 immissis¹
1044 1714 1110 1778 illis
1140 1715 1297 1790 partibus
1327 1716 1519 1780 extrahitur

319 1817 416 1893 quasi
433 1815 493 1890 sal,
513 1823 547 1906 et
563 1836 644 1878 caro
660 1814 813 1878 redditur
835 1813 944 1878 dulcis
960 1823 994 1878 et
1009 1814 1082 1878 sale
1098 1836 1160 1879 suo
1176 1815 1325 1893 privata,
1351 1815 1452 1880 aliter
1467 1838 1521 1880 ac-

317 1917 400 1981 cidit
416 1916 444 1980 si
460 1937 550 1992 aqua
566 1914 674 1979 dulcis
689 1914 743 1978 sit.

359 2018 411 2081 Ad
426 2015 690 2094 depurationem
707 2015 860 2078 oleorum
878 2035 957 2078 usus
973 2014 1054 2078 salis
1068 2015 1262 2080 communis
1278 2024 1329 2079 est
1346 2016 1514 2092 egregius

318 2119 407 2180 Nam
433 2116 519 2179 haec
544 2116 802 2191 quodammodo
826 2115 959 2190 adusta,
982 2135 1106 2189 crassa,
1126 2135 1166 2180 ac
1189 2116 1372 2200 vetustatis
1395 2116 1518 2193 injuria

317 2217 489 2280 suavitate
514 2215 630 2280 odoris
656 2216 788 2290 orbata,
815 2235 884 2278 non
912 2215 1015 2280 modo
1041 2215 1237 2293 limpidiora
1263 2215 1370 2292 reddi,
1396 2218 1458 2280 sed
1484 2225 1518 2280 et

316 2316 466 2382 suaviori
489 2317 595 2380 odore
611 2315 717 2382 imbui
734 2323 889 2391 possunt,
908 2315 936 2378 si
952 2336 1030 2379 cum
1046 2315 1183 2391 aequali
1200 2315 1360 2392 portione
1377 2316 1411 2378 in
1428 2337 1516 2380 mor-

315 2418 405 2482 tario
421 2417 618 2490 miscentur,
633 2424 667 2478 et
682 2415 863 2479 sufficienti
878 2437 969 2492 aqua
985 2415 1160 2478 communi
1172 2416 1281 2480 affusa
1294 2438 1355 2493 per
1367 2416 1517 2481 vesicam

315 2517 544 2583 destillantur.
586 2517 719 2580 Eadem
736 2524 788 2578 est
804 2515 903 2590 ratic,
917 2515 945 2578 si
961 2515 1107 2579 velimus
1122 2515 1172 2579 sal
1188 2517 1317 2581 succini
1333 2517 1513 2594 deputare,

316 2628 350 2683 et
380 2618 473 2682 facta
502 2618 546 2681 ab
577 2616 654 2680 oleo
680 2637 743 2679 suo
766 2609 1074 2714 empyreumatico²
1097 2616 1318 2693 separatione
1341 2617 1519 2682 candidius

315 2720 469 2794 reddere,
488 2716 572 2781 illud
594 2738 614 2779 a
637 2715 708 2780 sale
724 2715 909 2792 communi,
930 2715 1023 2794 prius
1038 2738 1116 2779 cum
1134 2737 1175 2780 eo
1191 2717 1299 2792 probe
1316 2717 1434 2792 mixt0‚
1455 2738 1517 2794 per

282 2861 285 2868 »
315 2817 595 2883 sublimationem
611 2815 765 2880 abstrahi
780 2816 916 2880 debeat.
966 2810 1251 2880 Hoffmannus³*
1312 2875 1313 2880 ,

214 2910 217 2915 ’
357 2921 458 2996 Ipsae
475 2937 581 2982 naves
594 2918 741 2993 majores
752 2916 787 2981 in
801 2916 925 2994 quibus
940 2916 991 2980 sal
1004 2916 1190 2992 quotannis
1202 2918 1246 2980 ab
1259 2939 1327 2980 una
1340 2917 1517 2994 provincia

315 3021 359 3084 ad
374 3018 519 3083 alteram
535 3016 711 3082 transvehi
727 3016 826 3091 solet,
839 3016 954 3093 spatio
969 3017 1010 3079 20
1026 3024 1059 3080 et
1077 3019 1116 3079 30
1132 3024 1166 3079 et
1182 3016 1330 3093 plurium
1347 3038 1516 3081 annorum

315 3141 384 3183 non
400 3118 621 3183 inveniuntur
643 3117 859 3194 putrefactae
874 3117 909 3180 in
925 3115 992 3180 illis
1007 3115 1101 3192 lociS,
1121 3117 1178 3180 ubi
1193 3117 1324 3181 dictum
1339 3117 1391 3182 sal
1405 3119 1519 3196 jacue-

314 3231 381 3297 rat3
419 3228 453 3284 et
483 3219 562 3282 illae
593 3228 709 3296 partes
736 3217 833 3280 navis
859 3217 1064 3294 integriores
1090 3215 1231 3293 reliquis
1257 3228 1440 3296 apparent,
1458 3218 1516 3282 ubi

312 3320 467 3385 lixivium
491 3319 664 3395 quoddam
688 3317 835 3385 salinum
859 3317 994 3381 videtur
1016 3317 1244 3394 stagnavisse,
1264 3318 1319 3382 vel
1335 3316 1412 3382 loca
1428 3339 1516 3395 quae

314 3428 544 3498 occupaverat
568 3418 681 3495 liquor
703 3417 859 3481 salinus.
891 3418 960 3481 Sed
985 3417 1042 3480 ubi
1066 3417 1194 3480 ferrum
1222 3426 1274 3481 est
1301 3418 1450 3494 obvium,
1478 3425 1515 3481 ut

313 3520 402 3591 clavi
417 3519 465 3583 illi
481 3518 665 3582 crassiores
681 3517 804 3593 quibus
819 3517 916 3594 tigna
933 3526 967 3580 et
983 3537 1116 3580 asseres
1131 3517 1316 3580 crassiores
1332 3525 1412 3580 sunt
1424 3538 1518 3580 com-

313 3620 433 3694 binati,
450 3618 594 3683 multum
611 3626 781 3696 apparent
797 3616 936 3694 corrosi,
954 3626 988 3680 et
1005 3616 1144 3694 quidem
1160 3616 1275 3695 spatio
1291 3619 1331 3680 20
1346 3638 1516 3682 annorum

314 3710 385 3786 fere
410 3720 455 3784 ad
480 3718 659 3784 dimidium
685 3718 746 3792 sui,
774 3717 931 3794 quamvis
954 3716 1167 3794 longiuscule
1191 3717 1226 3780 in
1252 3717 1380 3794 navigii
1400 3725 1516 3783 costas

216 3807 222 3820 ’
312 3823 380 3886 sint
403 3819 535 3884 intrusi.
584 3819 684 3884 Unde
707 3817 843 3882 videtur
865 3816 915 3880 sal
939 3827 1055 3894 partes
1071 3818 1239 3894 quasdam
1256 3817 1430 3882 molliores
1445 3836 1515 3882 ser·

313 3942 404 3992 vare,
424 3918 509 3982 alias
525 3939 607 3981 vero
623 3937 853 3996 corrumpere.
901 3915 1085 3980 Scheldon.

345 4047 361 4080 ἦ
373 4046 473 4114 Hujus
484 4044 654 4111 paragraphi
667 4044 754 4096 verba
766 4043 798 4094 in
810 4043 939 4108 margine
951 4043 1123 4108 autographi
1136 4045 1354 4100 exstant-En.
