3442 5302
337 729 393 770 122
693 716 760 778 DE
783 716 909 779 SALE
933 715 1172 780 COMMUNI

330 905 434 974 tores,
461 919 560 975 quae,
587 897 680 963 elota
710 899 803 975 prius
831 919 920 975 quae
950 906 1057 962 restat
1088 898 1168 962 salis
1198 898 1368 977 portione,
1396 897 1533 963 lortiori

332 998 467 1063 ustione
489 999 524 1062 in
540 998 671 1063 calcem
687 998 861 1074 redigitur.
910 999 1076 1076 Ejusdem
1092 998 1217 1064 indolis
1232 1007 1285 1064 est
1302 999 1458 1076 lapidosa
1475 998 1533 1062 illa

331 1098 478 1163 alcalina
494 1108 529 1162 et
543 1098 616 1162 lere
631 1098 778 1163 calcaria
795 1099 949 1172 materia,
964 1120 1053 1175 quae
1069 1099 1365 1163 abundantissime
1381 1099 1415 1162 in
1430 1101 1535 1164 Caro-

332 1185 660 1276 linis‘eonspieitur‚
693 1208 727 1264 et
754 1220 822 1263 non
846 1199 958 1262 solum
988 1199 1021 1262 in
1050 1199 1237 1276 praecipuo
1261 1198 1396 1262 illarum
1423 1198 1530 1273 lonte,

332 1298 435 1375 vulgo
458 1301 591 1363 Prudel
609 1299 713 1374 dict0,
741 1320 895 1362 necnon
919 1298 953 1362 in
975 1298 1162 1370 canalibus,
1190 1320 1253 1376 per
1275 1321 1362 1376 quos
1384 1297 1535 1363 decurrit

331 1420 433 1476 aqua,
453 1400 584 1475 ingenti
604 1399 639 1462 in
662 1400 762 1477 copia
785 1399 982 1476 apponitur,
1002 1401 1062 1464 sed
1085 1400 1190 1464 etiam
1212 1399 1303 1464 circa
1318 1399 1535 1476 scaturiginis

331 1499 469 1576 ostium,
496 1499 553 1563 ubi
577 1521 667 1576 aqua
693 1521 771 1564 cum
797 1521 924 1576 magno
949 1499 1082 1576 impetu
1108 1501 1152 1564 ad
1174 1499 1419 1577 circumposita
1442 1499 1533 1576 ligna

331 1599 449 1675 lertur,
469 1600 503 1663 in
526 1599 659 1677 lapides
674 1599 874 1675 concrescit,
895 1599 953 1676 qui
970 1599 1069 1676 politi
1086 1607 1119 1662 et
1135 1599 1303 1675 variegati
1320 1598 1535 1675 elegantissi-

333 1721 426 1762 mum
456 1721 607 1763 marmor
635 1699 689 1763 vel
717 1699 887 1777 jaspidem
917 1698 1157 1763 nitidissimam
1187 1699 1354 1775 referunt;
1391 1699 1534 1763 circum-

331 1801 449 1877 jacens
479 1799 584 1863 etiarn
615 1799 726 1863 solum
757 1799 872 1877 lapide
898 1799 1045 1863 calcario
1072 1799 1276 1863 tenuissimo
1303 1810 1337 1862 et
1362 1799 1529 1873 crassiori,

333 1899 441 1963 instar
457 1900 637 1963 marmoris
652 1907 773 1964 scatet.
855 1891 858 1896 ’

375 2053 473 2114 Haec
488 2049 580 2115 dicta
596 2060 675 2115 sunt
692 2052 735 2115 de
751 2050 822 2114 sale
839 2050 1023 2140 communi,
1044 2071 1150 2127 quum
1168 2050 1375 2128 permixtum
1390 2051 1483 2127 jacet
1499 2060 1533 2114 et

332 2150 548 2214 reconditum
573 2151 607 2214 in
631 2151 718 2214 alius
742 2151 877 2226 generis
900 2149 1039 2226 salibus,
1059 2151 1149 2214 unde
1174 2150 1224 2214 sal
1248 2150 1422 2226 quoddam
1439 2149 1534 2226 igno·

332 2259 404 2314 tum
430 2260 464 2314 et
487 2251 612 2315 diversi
635 2251 844 2315 characteris
859 2250 1036 2328 relinquit;
1058 2250 1231 2314 interdum
1247 2249 1282 2314 in
1297 2249 1534 2326 hujuscemodi

332 2351 432 2426 aquis
456 2350 541 2414 latet
565 2351 715 2414 solutum
743 2352 858 2427 quoad
885 2350 1035 2414 minores
1059 2358 1185 2427 partes,
1205 2352 1293 2413 adeo
1309 2359 1345 2413 ut
1362 2350 1534 2414 aciduma

331 2471 477 2528 corpore
500 2470 562 2514 suo
577 2450 688 2514 salino
703 2459 902 2528 separatum
919 2459 1026 2514 natet.
1075 2443 1133 2513 Et¹
1149 2450 1314 2527 quoniam
1330 2449 1466 2522 animus
1483 2458 1534 2512 est

252 2589 257 2596 ·
334 2550 580 2626 experimenta,
615 2559 787 2627 quotquot
826 2558 954 2624 extant,
988 2551 1031 2614 de
1061 2549 1133 2613 sale
1170 2549 1225 2613 hic
1262 2550 1462 2626 producere,
1501 2558 1534 2613 et

333 2651 497 2726 quoniam
513 2651 693 2714 innumera
709 2651 946 2728 experimenta
962 2672 1040 2714 cum
1056 2650 1127 2713 sale
1144 2649 1251 2713 mixto
1267 2650 1425 2714 instituta
1441 2658 1530 2724 sunt,

332 2750 412 2814 hinc
434 2749 531 2813 illum
553 2750 587 2813 in
611 2751 715 2813 finem
739 2749 975 2827 experimenta
998 2749 1081 2813 talia
1097 2749 1254 2813 conlerre
1270 2748 1372 2826 volui,
1393 2757 1429 2812 ut
1447 2749 1534 2813 scili·

332 2860 388 2914 cet
414 2849 550 2914 illorum
574 2872 641 2927 ope
668 2858 791 2915 natura
815 2850 915 2927 hujus
940 2849 1021 2913 salis
1045 2849 1329 2925 etiamindagari
1353 2870 1395 2912 eo
1412 2849 1534 2912 melius

333 2971 402 3014 non
426 2972 488 3027 per
509 2971 545 3014 se
568 2950 678 3014 solum
702 2951 762 3014 sed
785 2950 890 3013 etiam
907 2971 969 3028 per
983 2948 1051 3013 alia
1066 2948 1192 3014 indicia
1209 2949 1327 3027 possit.
1375 2949 1469 3012 Alias
1484 2947 1534 3012 sal

332 3071 525 3126 commune,
559 3050 586 3114 si
623 3050 722 3128 aquis
757 3050 848 3125 insit,
882 3051 1048 3126 probatur
1078 3071 1140 3126 per
1168 3049 1356 3125 reagentia,
1389 3048 1530 3126 scilicet,

332 3151 541 3215 aliundendo
564 3151 750 3215 tincturam
774 3152 894 3213 Lunae
911 3149 1020 3226 aquis,
1040 3151 1129 3213 unde
1146 3149 1173 3212 si
1189 3149 1378 3224 albescant,
1398 3149 1533 3226 signum

333 3260 395 3325 est,
415 3273 523 3327 aquas
545 3250 617 3314 sale
637 3250 812 3314 communi
829 3250 991 3329 praeditas
1007 3271 1092 3312 esse.
1140 3249 1337 3313 instituitur
1352 3250 1457 3313 etiam
1474 3271 1535 3327 per

332 3351 486 3415 sacchari
502 3351 632 3415 saturni
649 3351 868 3425 solutionem,
883 3351 973 3414 unde
990 3349 1095 3413 etiam
1112 3371 1223 3426 aquae
1236 3350 1416 3414 albescunt
1427 3349 1535 3413 instar

332 3451 441 3526 lactiS,
476 3453 568 3528 quod
599 3461 721 3529 postea
750 3450 785 3514 in
815 3450 958 3526 granula
988 3449 1070 3514 abit.
1130 3449 1398 3526 Quodammodo
1428 3450 1533 3514 etiam

332 3560 444 3615 mutat
467 3551 617 3615 colorem
641 3550 822 3614 solutionis
844 3549 991 3614 victrioli
1013 3549 1159 3625 veneris,
1180 3551 1240 3613 sed
1255 3549 1459 3626 imperfecte
1476 3551 1534 3613 ad-

334 3653 484 3725 modum,
504 3651 552 3714 ita
568 3659 605 3713 ut
620 3650 731 3714 solum
748 3650 843 3714 color
858 3649 975 3713 viridis
991 3658 1150 3724 exsurgat
1168 3649 1270 3726 plane
1286 3649 1423 3714 dilutus
1474 3651 1534 3712 So·

332 3751 418 3815 lutio
442 3750 630 3814 scoriarum
657 3749 764 3826 reguli
788 3749 969 3814 antimonii
989 3749 1144 3813 redditur
1166 3748 1320 3826 opalina;
1351 3757 1385 3812 et
1408 3748 1533 3813 solutio

331 3853 466 3916 resinae
490 3850 666 3928 paulisper
686 3849 833 3914 crassior
854 3850 1078 3927 spissiorque;
1108 3870 1254 3926 syropus
1275 3849 1444 3912 violarum
1460 3859 1533 3914 tan·

331 3952 443 4016 tillum
466 3951 649 4024 viridescit,
676 3971 765 4027 quae
788 3950 885 4027 signa
908 3950 1110 4028 plerumque
1137 3949 1217 4012 salis
1243 3949 1533 4013 communicasse
1589 4019 1591 4024 ,

333 4046 481 4116 solent*

375 4357 618 4409 *Verba“instar
635 4355 717 4408 lactis
733 4357 764 4422 (l.
779 4357 841 4408 8ab
854 4355 950 4423 infra)
981 4395 987 4408 .
1020 4395 1026 4407 .
1059 4394 1065 4408 .
1098 4372 1160 4407 esse
1180 4357 1300 4408 solent”
1315 4357 1351 4407 ad
1372 4355 1534 4422 marginem

334 4441 505 4507 autographi
518 4441 623 4507 scripta
635 4441 804 4495 sunt-En.
