3524 5314
570 711 810 780 CONFECTIO
831 710 953 780 SAUS
974 710 1129 780 FRISICI.
1385 729 1422 795 39

269 901 343 962 inde
359 903 390 961 in
408 902 633 979 pavimentum
650 917 748 979 supra
765 901 823 962 sed
840 902 970 979 oblique
992 902 1146 976 locatum,
1172 900 1254 962 adeo
1277 907 1313 962 ut
1335 917 1420 979 aqua

269 1001 342 1062 inde
359 1000 503 1062 defluere
519 1000 622 1078 possit
645 1000 675 1060 in
700 1002 820 1076 ahena,
847 1002 900 1062 ubi
924 1002 1116 1079 relinquitur
1139 1001 1214 1062 dum
1240 1018 1326 1078 aqua
1349 999 1419 1062 iere

269 1102 385 1164 omnis¹
402 1101 476 1162 inde
490 1099 667 1163 effluxerit.

309 1201 470 1266 Referunt
486 1201 572 1279 quod
581 1202 677 1280 prius
694 1202 741 1262 usi
758 1201 879 1262 tuerint
897 1203 984 1263 vasis
1000 1203 1173 1280 plumbeis,
1192 1203 1248 1263 sed
1265 1207 1420 1282 expertos

267 1301 382 1378 fuisse,
399 1304 460 1364 sub
478 1303 538 1362 illis
554 1301 643 1362 vasis
660 1318 724 1362 non
741 1302 847 1363 omnis
863 1304 994 1380 generis
1012 1303 1097 1381 ligna
1115 1303 1263 1381 usurpari
1275 1303 1419 1381 potuisse

269 1407 305 1463 ut
328 1404 390 1464 sub
414 1403 555 1481 cupreis.
602 1402 733 1480 Experti
759 1403 856 1463 etiam
884 1408 974 1477 sunt,
1002 1403 1119 1463 melius
1145 1403 1290 1482 separari
1313 1403 1363 1488 sai
1386 1403 1417 1464 in

267 1519 366 1581 cupro
382 1520 479 1581 quam
497 1504 527 1563 in
551 1503 683 1581 plumbo
707 1507 740 1564 et
756 1519 774 1562 a
790 1501 927 1563 faecibus
951 1503 1018 1564 suis
1041 1503 1188 1583 purgari3
1212 1508 1245 1564 et
1268 1505 1418 1581 usurpari

269 1619 425 1683 cupreum
442 1603 553 1684 posse'
568 1621 625 1683 per
642 1603 782 1682 spatium
799 1603 820 1664 6
836 1605 886 1664 vel
904 1621 1108 1680 7annorum,
1128 1620 1191 1665 non
1215 1620 1293 1665 vero
1316 1604 1419 1682 pium·

271 1704 382 1767 beum.

311 1803 570 1869 Observandum
588 1809 651 1880 est,
668 1805 753 1882 quod
770 1806 816 1864 sal
832 1805 968 1883 primum
982 1806 1066 1865 circa
1081 1821 1168 1865 mare
1182 1810 1215 1865 et
1227 1805 1311 1865 intra
1324 1821 1419 1865 areas

268 1911 301 1965 et
316 1905 422 1966 incilia
437 1905 587 1983 quaedam
604 1909 814 1983 evaporetur,
832 1912 866 1966 et
881 1905 959 1965 illud
975 1906 1062 1980 dein,
1079 1905 1231 1982 quamvis
1244 1906 1416 1983 impurum,

269 2023 421 2066 unacum
440 2006 590 2068 limosuo
613 2011 647 2066 et
669 2023 769 2067 arena
793 2007 833 2086 ad
858 2007 970 2067 urbem
994 2005 1118 2068 teratur
1142 2011 1175 2066 et
1198 2006 1239 2067 ibi
1263 2011 1418 2086 purgatur

270 2107 364 2167 modo
380 2124 444 2185 quo
460 2107 581 2168 dictum
599 2113 662 2168 est.

310 2205 429 2269 Tribus
450 2207 673 2268 milliaribusa
699 2205 819 2268 Trivoli
836 2211 888 2268 est
904 2208 1005 2283 lacus,
1033 2205 1194 2268 Soliatara
1219 2207 1338 2283 dictus,
1364 2209 1418 2267 ubi

268 2325 353 2392 aqua
368 2309 438 2368 sale
455 2308 669 2388 impraegnata
685 2308 821 2368 scaturit
838 2324 894 2386 per
910 2313 1030 2368 terram
1048 2308 1210 2385 quandam
1233 2308 1417 2383 calcariam,

268 2413 301 2470 et
317 2414 438 2469 tetrum
456 2409 578 2488 spargit
594 2409 738 2483 odorem,
758 2425 821 2470 non
839 2409 936 2468 alium
952 2425 1049 2485 quarn
1067 2409 1205 2486 sulpbus
1221 2424 1278 2487 per
1294 2409 1416 2468 calcem

267 2510 377 2570 vivam
394 2511 535 2571 solutum
553 2513 586 2570 et
602 2526 659 2588 per
675 2509 821 2588 spiritum
837 2509 1000 2586 quendam
1018 2508 1144 2569 acidum
1162 2509 1418 2588 praecipitatum;

266 2606 398 2688 gustum
427 2611 528 2671 habet
552 2610 689 2670 similem
718 2626 812 2686 aquae
838 2610 974 2670 marinae
1000 2626 1072 2669 cum
1102 2611 1258 2688 sulphure
1291 2610 1414 2671 mixtae.

269 2708 356 2788 Quae
386 2717 546 2771 vocantur
569 2707 709 2786 Confeltr'
737 2713 775 2772 da
806 2708 933 2780 Trivoli,
957 2711 1163 2788 reperiuntur
1187 2711 1270 2770 circa
1295 2711 1419 2771 insulas

266 2828 341 2889 quae
357 2811 388 2872 in
405 2812 477 2872 lacu
495 2811 547 2873 illo
564 2809 836 2871 circumferuntur
853 2816 886 2870 et
901 2809 1043 2885 fluitant,
1061 2810 1101 2871 ad
1117 2826 1200 2887 quas
1225 2811 1416 2889 coagulatur

267 2907 404 2973 materia
420 2912 570 2989 quaedam
588 2911 746 2987 calcaria;
762 2911 902 2972 inhaeret
914 2911 1012 2972 etiarn
1026 2911 1149 2987 berbiS,
1163 2911 1310 2986 calamis,
1328 2911 1417 2989 stipi·

266 3013 366 3087 tibus,
384 3018 418 3074 et
435 3012 546 3086 ramis,
565 3029 605 3072 ex
621 3012 739 3089 quibus
755 3010 830 3072 dein
846 3012 1030 3090 excerpitur
1046 3010 1201 3073 frustum.

798 3244 890 3306 xvll.

542 3428 807 3494 CONFECTlO
831 3428 948 3491 Satis
973 3427 1133 3492 FRlSlCl.

308 3613 504 3677 Laurentius
535 3614 704 3692 Enewald,
736 3618 846 3692 pastor
877 3614 993 3674 insulae
1023 3614 1162 3675 ducatus
1197 3613 1414 3676 slesvicensis

267 3714 444 3796 Dagebul,¹
466 3716 664 3793 singularem
696 3714 772 3774 salis
803 3713 922 3789 Frisici,
954 3715 1038 3792 quod
1065 3720 1197 3789 vocant,
1222 3713 1412 3775 conficiendi

267 3817 395 3878 modum
426 3815 692 3891 communicavit,
724 3815 818 3893 cujus
844 3832 972 3875 summa
999 3819 1067 3876 est:
1101 3815 1148 3875 rid
1180 3814 1411 3876 Praetecturam

265 3916 529 4002 Tunderensem,
547 3916 578 3976 in
595 3916 715 3977 ducatu
732 3913 933 3976 slesvicensi
957 3916 1059 3992 (baud
1076 3917 1184 3994 procul
1210 3934 1228 3976 a
1254 3917 1335 3990 loco,
1360 3917 1413 3992 qui

261 4018 377 4079 dicitur
405 4015 873 4094 Christian-nibrecbts·l<oeg
897 4033 968 4076 zum
991 4015 1260 4095 B'dlringbarde‘),
1285 4016 1412 4093 exiguae

264 4121 338 4181 duae
355 4119 452 4179 maris
467 4116 742 4197 septentrionalis
754 4116 881 4192 insulae,
898 4116 1061 4194 Dagebul³
1073 4123 1106 4177 et
1123 4116 1286 4178 Gamsbul
1303 4117 1413 4195 appel·

263 4216 1411 4298 iatae,pertinent,quarumincolae,Frisonumantiquorumprogenies,

264 4321 349 4381 hunc
361 4321 438 4381 salis
449 4319 653 4398 praeparandi
663 4318 792 4379 modum
807 4319 999 4378 observant.
1045 4316 1183 4377 Ineunte
1197 4317 1282 4392 Maio
1296 4333 1411 4376 mense

264 4438 304 4481 ex
320 4437 390 4500 rpso
407 4421 504 4482 maris
518 4419 631 4494 fundo,
648 4436 745 4496 quem
764 4419 938 4479 recedente
955 4422 1038 4477 aestu
1056 4419 1131 4477 licet
1146 4416 1269 4490 fodere,
1287 4422 1410 4476 certam

265 4522 433 4582 materiam
461 4521 652 4600 palustrem,
680 4520 753 4579 timo
778 4524 912 4594 tectam,
942 4518 1056 4596 partim
1084 4517 1163 4594 nigri
1188 4515 1302 4595 partim
1331 4532 1411 4576 vero
