3524 5314
605 706 820 772 PROBATIO
841 707 985 786 AQUAE
1004 707 1180 771 SALINAE
1443 721 1456 786 5

314 892 359 952 uti
383 891 484 968 velis3
501 892 578 967 sint,
597 894 739 972 exempli
762 893 876 970 gratia,
901 894 1111 954 instrumenti
1129 894 1391 955 constructiones
1408 912 1460 956 se-

312 996 465 1068 quentes,
479 992 561 1066 utri,
575 991 610 1067 B,
623 991 652 1053 C
664 994 715 1053 vel
729 993 770 1055 D.
818 991 1022 1054 Conficiatur
1036 994 1364 1054 taleinstrumentum
1375 996 1428 1056 vel
1441 1015 1458 1056 a
1571 999 1574 1005 ’

313 1091 430 1151 lamina
445 1090 551 1152 terrea
560 1097 678 1153 stanno
691 1094 844 1168 obducta,
856 1095 908 1153 vel
923 1095 964 1154 ab
979 1095 1151 1169 orichalco,
1162 1095 1213 1154 vel
1234 1113 1252 1154 a
1267 1095 1351 1173 ligno
1368 1096 1458 1170 duro,

314 1193 365 1251 vel
383 1210 401 1252 a
418 1193 562 1269 succino,
589 1195 640 1253 vel
665 1195 796 1268 avitro,
822 1195 873 1254 vel
891 1195 931 1254 ab
955 1195 1017 1254 alia
1042 1195 1190 1255 materia.
1237 1192 1303 1255 Sia
1328 1196 1459 1257 metallo

311 1293 402 1370 gravi
416 1293 458 1353 sit
474 1292 672 1368 coniectum,
691 1299 726 1355 ut
742 1295 775 1356 Α.
789 1294 824 1368 Β,
842 1299 919 1354 tunc
937 1295 1068 1355 omnino
1082 1312 1157 1354 esse
1171 1295 1410 1370 debetcavum,
1425 1301 1460 1356 ut

313 1392 337 1452 Α
350 1413 357 1468 ;
370 1393 496 1454 cavitas
504 1393 545 1454 sit
562 1411 663 1471 usque
678 1394 718 1454 ad
736 1394 780 1469 Ο,
793 1395 825 1454 in
838 1411 935 1471 quam
949 1395 1142 1456 immittatur
1155 1394 1283 1474 pondus
1295 1395 1457 1472 quoddam

314 1494 365 1553 vel
382 1498 473 1554 certa
488 1495 657 1571 quantitas
672 1496 876 1572 globulorum
894 1496 1133 1573 plumbeorum,
1157 1496 1242 1572 quod
1267 1496 1394 1574 pondus
1410 1498 1459 1574 ju-

312 1594 393 1672 giter
407 1594 481 1654 dein
495 1600 724 1672 conservetur;
741 1595 860 1674 pariter
872 1600 907 1655 ut
920 1595 951 1655 in
967 1594 1003 1670 B,
1018 1597 1101 1655 circa
1119 1595 1150 1657 Nl
1164 1597 1205 1656 sit
1218 1597 1344 1674 pondus
1357 1597 1460 1675 plum·

315 1696 411 1755 beum
436 1697 488 1756 vel
512 1695 609 1768 aliud,
629 1695 710 1756 adeo
735 1700 770 1755 ut
797 1695 968 1756 subsidere
990 1701 1091 1773 queat
1113 1697 1145 1756 in
1167 1714 1250 1774 aqua
1268 1698 1320 1757 vel
1338 1697 1460 1758 leviore

314 1796 366 1854 vel
395 1793 637 1874 punderosiore3
661 1801 695 1856 at
718 1813 795 1855 vero
813 1794 843 1856 C
860 1796 885 1855 si
902 1797 943 1856 sit
966 1813 1006 1855 ex
1030 1797 1174 1869 succino,
1200 1798 1252 1856 vel
1271 1797 1300 1856 D
1317 1814 1357 1857 ex
1374 1797 1460 1876 ligno
1565 1841 1566 1846 η

314 1895 406 1970 duro,
428 1913 490 1956 non
513 1913 595 1974 opus
616 1900 668 1956 est
690 1901 725 1956 ut
751 1901 905 1956 cavatum
934 1897 986 1972 sit,
1007 1897 1064 1956 sed
1081 1897 1196 1957 durum
1221 1902 1254 1957 et
1271 1897 1457 1975 contiguum

313 2013 388 2056 esse
412 1996 522 2071 debet,
542 2013 615 2056 nam
632 1996 673 2057 ad
690 2001 812 2056 certam
836 1995 1000 2074 quandam
1025 1997 1279 2075 profunditatem
1304 1997 1461 2075 subsidit;

310 3533 439 3593 quoque
456 3515 577 3577 dulcior
594 3521 646 3576 est
662 3532 746 3592 aqua
771 3532 809 3575 eo
832 3513 1020 3593 profundior
1044 3518 1094 3574 est
1118 3501 1322 3592 subsidentia
1339 3519 1372 3575 et
1388 3515 1459 3575 vice

313 3633 430 3678 versa:
447 3617 492 3678 ita
506 3617 572 3694 jam
590 3620 704 3694 parata
722 3615 787 3676 sint
803 3616 1035 3676 instrumenta.

240 3735 242 3738 ·
355 3715 454 3794 Quod
472 3733 549 3777 vero
572 3715 749 3776 divisiones
772 3716 885 3776 talium
910 3716 1201 3776 instrumentorum
1226 3715 1357 3791 attinet,
1384 3733 1457 3776 nam

313 3817 409 3878 dividi
434 3817 557 3877 debent
580 3817 610 3876 in
628 3817 737 3877 varias
752 3821 864 3896 partes
880 3815 1060 3876 secundum
1078 3815 1315 3876 subsidentiam
1332 3815 1457 3877 illorum

311 3918 343 3978 in
368 3918 487 3978 diversi
503 3917 633 3995 generis
649 3916 767 3992 tluidls,
785 3919 844 3977 boc
862 3917 1051 3977 mechanice
1067 3914 1136 3976 tieri
1153 3915 1269 3991 debet;
1286 3932 1349 3992 quo
1372 3917 1457 3977 enim

311 4019 426 4079 salsior
450 4023 501 4078 est
523 4035 620 4095 aqua,
645 4034 683 4078 eo
708 4018 816 4078 minus
839 4017 869 4077 in
893 4018 946 4077 illa
971 4016 1118 4077 subsidet
1141 4017 1408 4092 instrumentum,
1427 4024 1459 4078 et
1509 4099 1512 4108 ¹
1633 4050 1635 4058 ,
1683 4009 1688 4016 ’

313 4119 384 4179 vice
398 4135 506 4179 versa.
553 4116 651 4194 Quod
663 4119 772 4195 itaque
786 4118 904 4179 attinet
917 4117 1046 4178 modum
1060 4117 1223 4177 dividendi
1234 4117 1460 4194 hujuscemodi

311 4219 543 4294 instrumenta,
561 4219 902 4279 inconsiderationem
921 4210 1033 4277 veniet
1049 4217 1199 4296 primum,
1224 4234 1265 4276 an
1283 4217 1365 4277 scire
1376 4219 1459 4279 velis

310 4319 528 4396 quantitatem
544 4335 638 4397 aquae
655 4324 688 4379 et
703 4319 920 4396 quantitatem
939 4319 1016 4378 salis
1033 4318 1064 4377 in
1081 4334 1166 4394 aqua
1182 4317 1340 4394 contenti,
1359 4319 1412 4378 vel
1430 4320 1457 4380 si

312 4421 393 4481 scire
410 4420 492 4480 velis
508 4424 638 4481 tantum
655 4420 873 4497 quantitatem
898 4420 975 4479 salis
998 4419 1029 4478 in
1052 4418 1195 4497 pondere
1218 4417 1358 4497 quodam
1384 4419 1459 4482 dato

310 4537 416 4602 aquae,
435 4523 487 4583 vel
504 4521 723 4601 quantitatem
741 4521 819 4582 salis
836 4521 866 4582 in
885 4537 1040 4583 mensura
1056 4519 1202 4600 qualibet
1218 4519 1307 4584 data.
