3524 5314
309 691 343 754 vi
636 691 924 754 PRAEFATIO
946 691 1037 754 ΕΒ]
1040 692 1070 753 T
1070 691 1181 754 ORIS

351 876 405 937 Ex
419 873 472 937 his
488 873 596 937 literis
609 874 681 937 veri
704 857 815 938 simile
831 883 978 951 apparet
1002 874 1239 949 Swedenborg
1254 895 1315 936 sua
1339 876 1397 936 DE
1414 874 1509 936 SALE

308 977 485 1039 COMMUNI
512 969 783 1038 “collectanea”
808 974 989 1037 inchoasse
1016 982 1098 1037 ante
1123 976 1203 1039 1724
1229 971 1394 1046 (fortasse
1418 995 1510 1037 anno

311 1077 400 1144 1719.
425 1075 460 1138 id
483 1083 535 1138 est
555 1068 707 1138 “decem
731 1075 812 1137 anni
836 1075 956 1136 retro”
973 1075 1018 1137 ab
1040 1095 1132 1136 anno
1150 1073 1248 1148 1729)
1268 1075 1335 1136 fine
1359 1095 1400 1137 ea
1423 1074 1511 1137 libro

311 1175 491 1250 proposito
526 1167 612 1237 “De
643 1174 802 1237 Genuina
835 1173 1056 1237 Metellorum
1091 1173 1351 1247 Tractatione‚’'
1383 1174 1442 1250 qui
1475 1174 1510 1237 in

309 1274 421 1337 lucem
449 1275 567 1338 datum
596 1283 686 1336 esset
711 1294 804 1337 anno
832 1275 921 1350 1723,
952 1273 1134 1337 inserendi.
1183 1275 1236 1336 Ex
1262 1273 1377 1337 allatis
1403 1274 1511 1338 literis

312 1395 416 1452 porro
432 1383 578 1451 apparet
602 1373 817 1437 collectanea
840 1373 898 1436 illa
913 1395 1005 1436 anno
1023 1375 1103 1438 1724
1126 1394 1195 1436 non
1219 1374 1374 1450 perfecta
1392 1374 1506 1439 fuisse.

309 1475 362 1536 Ex
378 1473 431 1537 his
447 1483 552 1551 atque
569 1474 644 1538 aliis
667 1474 801 1537 indiciis
817 1496 893 1550 quae
909 1495 1015 1548 supra
1031 1473 1159 1548 notavi,
1180 1495 1249 1536 non
1272 1473 1390 1550 procul
1406 1474 1511 1538 dubio

308 1582 362 1636 est
390 1574 473 1651 quin
504 1575 625 1638 eadem
650 1573 867 1637 collectanea
892 1573 961 1636 sint
985 1573 1075 1637 inter
1097 1572 1155 1636 illa
1179 1575 1221 1637 de
1246 1574 1370 1651 quibus
1392 1574 1510 1637 scribit

308 1683 428 1736 noster
443 1696 535 1738 anno
549 1676 638 1748 1729,
655 1695 691 1737 se
704 1695 844 1752 sperare
858 1696 897 1737 ea
911 1694 990 1736 mox
1003 1674 1047 1737 ad
1063 1675 1166 1737 finem
1183 1675 1318 1738 ducere.
1366 1675 1510 1737 Interim

307 1773 524 1838 collectanea
540 1775 614 1838 haec
630 1775 727 1854 basin
744 1773 844 1851 hujus
857 1773 971 1851 operis
988 1776 1046 1836 DE
1063 1775 1158 1836 SALE
1175 1795 1250 1836 esse
1267 1795 1335 1837 non
1352 1775 1512 1838 dubitan-

307 1875 391 1938 dum
410 1892 556 1941 censeo;
581 1873 701 1937 itidem
725 1895 812 1951 opus
835 1873 911 1946 hoc,
931 1882 967 1936 ut
991 1874 1046 1937 hic
1069 1873 1103 1936 id
1126 1874 1304 1949 habemus
1325 1895 1412 1950 opus
1436 1896 1511 1951 per-

307 1975 438 2038 fectum
456 1996 540 2049 esse,
560 1975 672 2038 indice
689 1983 849 2038 ornatum
867 1984 900 2038 et
922 1973 1043 2037 lectori
1059 1975 1275 2049 adaptatum.
1295 1995 1382 2050 opus
1397 1975 1510 2051 ipsum

309 2073 476 2138 declarat.

353 2176 435 2237 Post
471 2175 601 2238 editum
634 2183 857 2252 prospectum
892 2196 995 2252 supra
1019 2176 1179 2238 notatum
1205 2175 1509 2250 praenuntiantem

273 2327 275 2332 .
308 2296 398 2352 opus
423 2297 586 2349 magnum
620 2276 673 2337 De
698 2275 857 2338 Genuina
881 2274 1102 2338 Metallorum
1127 2275 1363 2350 Tractatione,
1391 2283 1512 2338 auctor

307 2373 444 2437 consilii
460 2375 521 2450 sui,
541 2376 585 2438 ad
602 2375 714 2438 minus
730 2376 845 2451 quoad
861 2375 1122 2451 inscriptionem
1138 2375 1263 2451 operis,
1281 2374 1510 2437 mutationem

309 2474 433 2538 fecisse
456 2475 601 2539 videtur.
650 2477 739 2538 Nam
764 2476 890 2538 OPERA
913 2477 985 2551 ejus
1010 2475 1277 2537 Puruosopurca
1300 2492 1347 2536 Er
1371 2475 1511 2536 MINER-

309 2591 394 2636 ALIA
424 2597 500 2651 quae
527 2575 561 2637 in
588 2575 699 2639 lucem
727 2596 819 2637 anno
847 2576 927 2639 1734
954 2574 1059 2648 dedit,
1090 2596 1236 2651 quorum
1263 2576 1363 2637 Tom.
1394 2576 1428 2636 II
1456 2576 1510 2636 De

310 2676 430 2750 Ferro,
450 2675 549 2740 Tom.
575 2677 626 2738 ΙΙΙ
653 2696 735 2737 vero
763 2677 816 2737 De
843 2677 960 2750 Cupro
986 2674 1068 2750 agit,
1088 2684 1167 2737 sunt
1191 2675 1331 2738 indubie
1355 2673 1511 2751 peractio

309 2775 426 2850 quoad
449 2784 585 2851 partem
607 2774 782 2851 prospecti
798 2774 1045 2852 promissionis.
1094 2773 1131 2836 Si
1147 2796 1238 2838 nunc
1253 2774 1511 2838 consideramus

310 2875 404 2950 quod
427 2874 462 2936 in
485 2875 537 2938 his
554 2875 727 2951 Operibus
742 2884 916 2937 tomorum
932 2876 975 2938 de
993 2876 1100 2937 Ferro
1117 2886 1151 2938 et
1168 2875 1285 2950 Cupro
1301 2875 1416 2950 capita
1434 2895 1511 2950 pos-

310 2973 438 3037 teriora
465 2995 604 3051 prorsus
630 2973 789 3037 similiter
814 2996 854 3037 ac
881 2975 946 3038 hoc
970 2995 1057 3052 opus
1074 2977 1132 3037 DE
1149 2976 1245 3037 SALE
1262 2975 1410 3038 maxime
1427 2974 1510 3037 cita·

309 3074 462 3137 tionibus
486 3096 526 3136 ex
549 3074 747 3138 auctoribus
764 3082 938 3150 constent;
962 3074 989 3136 si
1007 3096 1109 3151 porro
1125 3075 1160 3138 in
1177 3086 1329 3137 mentem
1346 3095 1510 3137 vocamus

310 3175 405 3250 quod
430 3173 484 3236 his
509 3174 613 3237 tomis
640 3184 760 3238 auctor
786 3195 822 3236 se
848 3174 941 3237 dicat
968 3175 1139 3238 editurum
1165 3174 1444 3238 continuationes
1467 3175 1509 3237 de

312 3274 480 3347 Victrioli‚
499 3276 664 3350 Argenta
685 3284 764 3350 etc,
784 3285 866 3337 tunc
889 3295 959 3336 non
983 3274 1220 3351 improbabilis
1243 3274 1415 3338 videbitur
1429 3295 1511 3337 con-

309 3374 418 3438 clusio
434 3376 536 3452 ·quod
559 3396 646 3452 opus
662 3374 728 3438 hoc
745 3377 802 3437 DE
820 3376 916 3437 Saue
932 3375 1229 3439 continuationem
1247 3376 1305 3439 det
1323 3376 1508 3438 Oeenlssus

310 3475 447 3552 abipso
463 3475 596 3539 auctori
612 3475 723 3551 editis
744 3476 1020 3538 Puruosoefflcrs
1038 3493 1085 3538 ar
1102 3476 1366 3538 unanimus.

1155 3646 1306 3705 Auram)
1328 3645 1463 3708 Acron,

352 3744 489 3806 Dabam
507 3745 600 3819 Bryn
623 3743 749 3819 Athyn,
771 3744 828 3806 Pa.

478 3845 555 3908 Oct.
578 3847 667 3908 1910.
