3442 5302
590 714 763 780 BALNEA
794 713 1019 781 LUCENSIA.
1336 737 1390 782 111

239 903 303 964 levi
319 908 527 981 argumento.
574 903 606 962 ln
625 903 718 979 aquis
733 900 846 964 Balari
854 900 1028 964 Nemorum
1041 889 1130 963 certa
1145 904 1309 982 sulphuris
1322 922 1393 984 por·

238 1005 282 1065 tio
298 1003 468 1083 speciatim
487 1003 677 1064 dissolvitur
692 1002 777 1080 quod
794 1008 970 1080 argenteos
987 1019 1139 1064 nummos
1156 1021 1256 1065 aureo
1283 1006 1392 1067 colore

238 1104 344 1183 tingit,
364 1120 428 1164 non
445 1119 542 1164 secus
558 1121 595 1164 ac
612 1119 707 1181 aquae
725 1103 911 1164 Batbenses
928 1103 959 1163 in
977 1103 1092 1182 Augila
1109 1103 1248 1182 aliaeque
1261 1105 1292 1165 in
1307 1104 1389 1167 Ger·

240 1205 347 1266 mania
364 1203 476 1266 lacere
493 1203 615 1267 solent.

648 1373 784 1450 [Balnea
798 1371 975 1450 Leucosia]

279 1509 431 1571 Balneum
446 1511 484 1570 da
500 1507 614 1571 Ducir's
630 1505 829 1570 lucensibus.
876 1505 1050 1566 Tartarum
1068 1507 1118 1567 hic
1144 1507 1309 1568 inbaerens
1332 1509 1389 1569 du·

238 1625 328 1668 orum
347 1614 399 1669 est
414 1625 587 1685 generum;
612 1624 712 1668 unum
729 1623 876 1667 crassum
902 1624 940 1666 ac
966 1605 1066 1667 frxurn
1094 1612 1145 1667 est
1171 1613 1294 1670 tartaro
1321 1610 1388 1670 vini

238 1709 355 1784 simile;
379 1710 518 1770 alterum
535 1708 766 1770 tenuissimum
785 1708 844 1768 sub
863 1710 993 1786 vaporis
1009 1708 1118 1786 specie
1136 1725 1176 1768 ex
1203 1708 1296 1794 aquis
1323 1711 1387 1770 ela-

237 1813 318 1886 tum,
337 1814 436 1886 atque
453 1810 483 1870 in
501 1827 613 1870 earum
631 1806 803 1887 superficie
820 1808 1023 1868 subtilissimi
1040 1808 1218 1869 velamenti
1241 1809 1388 1870 adinstar

236 1915 438 1985 concretum,
465 1908 561 1971 facile
588 1910 619 1970 in
645 1908 875 1969 tenuissimum
903 1908 1056 1987 pollinem
1070 1907 1209 1985 friabile,
1238 1910 1386 1987 lenisque

236 2011 362 2089 saporis
379 2010 505 2071 nitrosi.
553 2011 609 2071 llic
627 2009 734 2088 pulvis
760 2009 838 2087 ipsis
864 2009 956 2086 aquis
983 2007 1191 2069 commixtus¹
1208 2011 1387 2071 sarcoticus

236 2109 284 2172 tit.
331 2109 556 2172 Sedimentum
585 2127 602 2170 e
631 2109 835 2170 Lucensibus
865 2099 958 2185 aquis
989 2109 1161 2169 deciduum
1193 2094 1210 2170 e
1240 2111 1386 2188 qualibet

236 2211 315 2271 libra
333 2212 387 2271 vix
404 2212 500 2271 unius
516 2211 640 2271 denarii
656 2215 718 2286 est,
737 2210 816 2270 etin
835 2209 905 2288 ipsa
921 2209 1156 2287 evaporatione
1172 2228 1295 2289 pravus
1310 2213 1387 2272 odor

235 2313 391 2390 exspirat,
407 2313 461 2388 qui
483 2312 582 2372 etiam
600 2311 640 2372 ab
657 2316 776 2371 exusto
792 2309 977 2370 sedimento
1003 2310 1171 2370 insuavior
1198 2312 1384 2390 percipitur,

235 2429 276 2472 ex
292 2430 355 2491 quo
373 2413 467 2472 simul
485 2430 558 2472 curn
575 2412 677 2490 ipsius
694 2410 868 2472 sedimenti
884 2427 1000 2488 sapore
1017 2409 1167 2486 infertur,
1186 2411 1386 2473 inessemix·

234 2518 341 2574 turam
370 2512 534 2589 quandam
562 2513 626 2574 sole
652 2527 782 2594 gemmae
808 2511 960 2585 uberiori,
978 2511 1138 2590 sulphura,
1171 2511 1322 2574 bitumine
1346 2530 1383 2573 ac

234 2616 315 2675 tarra
331 2612 521 2674 conflatam.
569 2610 654 2674 Cum
673 2613 743 2672 oleo
754 2613 867 2672 tartari
880 2613 967 2682 nullo
982 2611 1076 2672 modo
1094 2610 1296 2688 effervescit,
1316 2615 1385 2674 nul-

234 2715 364 2790 lamque
380 2714 538 2774 bullulam
556 2717 613 2774 aut
626 2729 775 2791 spumam
793 2712 913 2774 emittit
930 2714 970 2773 ob
998 2713 1134 2773 totalem
1163 2713 1317 2774 aluminis
1334 2732 1385 2774 ca·

235 2816 385 2877 rentiam.

274 2914 322 2977 Da
338 2915 454 2978 Balnea
470 2913 608 2977 Villensi
621 2913 754 2994 aliisque
769 2912 956 2976 lucensibus
967 2912 1104 2976 Balneis.
1151 2911 1251 2974 Calor
1266 2915 1383 2975 Villen-

232 3015 314 3075 sium
333 3033 490 3092 aquarum
515 3019 567 3076 est
592 3032 629 3092 37
652 3014 825 3092 graduum;
848 3014 885 3074 iis
908 3012 1028 3074 infusio
1052 3014 1188 3074 victrioli
1217 3016 1381 3092 turbatur,

231 3113 437 3193 inticiturque
454 3120 603 3176 saturata
618 3114 794 3186 ssavedine,
820 3131 894 3190 quae
916 3114 948 3174 in
973 3114 1109 3175 materia
1131 3113 1268 3174 fundum
1287 3118 1384 3177 sube-

232 3221 310 3278 unte
327 3216 471 3278 diluitur.
517 3215 646 3277 Nullam
665 3215 879 3276 mutationem
903 3214 1077 3291 acquirunt
1098 3217 1139 3276 ab
1163 3232 1247 3291 aqua
1270 3216 1383 3277 alumi·

231 3332 323 3392 nosa,
341 3321 375 3376 et
390 3317 553 3378 solutione
583 3315 749 3376 sublimati
773 3315 936 3376 tantillum
964 3315 1149 3377 albescunt.
1197 3314 1282 3377 Cum
1310 3318 1382 3378 oleo

229 3418 341 3479 tartari
359 3417 433 3478 lacti
450 3417 574 3478 similes
589 3415 685 3492 frunt,
710 3421 744 3476 et
769 3433 843 3476 cum
860 3433 945 3493 aqua
962 3433 1108 3476 rosarum
1133 3416 1202 3477 sola
1229 3417 1381 3478 albedine

231 3518 346 3579 nitent.
392 3516 478 3579 Cum
495 3518 655 3596 gattarum
686 3534 771 3594 aqua
788 3516 988 3577 sensibiliter
1005 3533 1068 3576 non
1087 3521 1245 3578 mutatur.
1291 3515 1382 3579 Sedi-

229 3622 378 3680 mentum
396 3618 631 3696 evaporatione
647 3618 794 3696 habitum
811 3635 852 3678 ex
879 3632 917 3694 19
938 3616 1026 3677 libris
1052 3634 1209 3694 aquarum
1230 3633 1267 3693 14
1282 3618 1381 3678 dena·

229 3721 346 3780 riorum
364 3719 507 3798 pondere
523 3723 606 3794 erat,
631 3718 778 3779 albicans
800 3735 837 3778 ac
861 3718 988 3793 lucenS,
1012 3718 1142 3778 intense
1166 3719 1289 3778 salsum
1307 3736 1379 3779 cum

228 3826 325 3881 acuta
350 3819 529 3880 salsedine.
577 3819 643 3879 lloc
674 3819 871 3894 sedimento,
914 3818 1101 3879 cbalcbanti
1131 3835 1226 3896 aquae
1260 3817 1379 3898 affuso,

200 3995 202 3999 ,
227 3920 357 3982 flavedo
380 3922 466 3980 clara
490 3921 655 3994 elucebat,
674 3920 752 3979 salis
768 3935 908 3998 gemmae
924 3919 955 3979 in
973 3919 1117 3994 modum,
1134 3919 1185 3979 cui
1209 3918 1306 3979 etiam
1332 3938 1381 3981 re-

227 4021 412 4101 spondebat
438 4021 640 4099 praecipitata
665 4020 830 4080 materies.
878 4019 954 4080 Haec
971 4036 1055 4097 aqua
1072 4019 1248 4080 sublimato
1272 4021 1381 4082 soluta

227 4123 378 4197 albescit,
396 4121 502 4198 aliquo
518 4126 630 4181 tamen
648 4123 764 4181 rubore
781 4117 909 4180 suffusa
933 4124 966 4180 et
982 4136 1054 4179 cum
1072 4137 1157 4196 aqua
1170 4118 1279 4180 Gallae
1294 4137 1380 4181 com·

229 4224 343 4298 mixta,
371 4221 441 4282 rufo
464 4223 602 4282 obscuro
632 4222 738 4282 colore
769 4220 914 4298 tingitur,
942 4238 980 4280 ac
1011 4219 1142 4298 limpida
1172 4236 1244 4280 cum
1276 4226 1379 4298 esset,

226 4340 327 4402 opaca
343 4321 391 4385 fn.
439 4321 495 4382 His
511 4321 800 4404 observationibus
815 4320 985 4380 deducitur
1002 4320 1166 4381 Villenses
1182 4337 1284 4398 aquas
1310 4323 1380 4383 sale

226 4439 366 4502 gemmae
391 4421 543 4498 saturari,
569 4422 654 4500 quod
679 4423 710 4482 in
736 4423 805 4500 ipso
834 4425 945 4482 monte
970 4420 1165 4496 caeterisque
1183 4420 1323 4496 balneis,
1342 4439 1379 4482 ac

223 4524 428 4603 potissimum
445 4523 477 4583 in
495 4521 619 4588 Balneo
634 4521 774 4592 Bernaba
789 4521 874 4584 dicto
891 4522 1040 4605 ejusdem
1058 4519 1192 4600 montis,
1216 4520 1376 4588 exundat.
