3442 5302
274 653 332 712 132
636 639 703 702 aa
727 639 854 702 sara
878 619 1139 704 COMMUNJ'

271 823 435 900 Anglum;
450 821 529 887 vide
552 823 642 886 Acta
658 824 753 899 Lips.
773 843 806 900 p.
825 816 887 898 92¹,
906 821 1095 888 anni1684.
1142 821 1237 885 Alias
1252 809 1478 899 repraesenta·

272 932 328 987 tur
343 923 451 999 figura
466 922 548 986 salis
564 944 708 999 gemmae
721 922 814 986 rubri
829 917 923 998 (Fig.
941 920 1002 996 K),
1018 930 1053 985 et
1065 921 1224 986 cubicum
1237 921 1287 985 sal
1303 918 1398 998 (Fig.
1415 918 1471 997 L),

273 1032 308 1087 et
323 1023 374 1087 sal
387 1043 531 1099 gemmae
544 1022 739 1087 tabulatum
755 1017 848 1098 (Fig.
866 1019 932 1099 M),
948 1021 1052 1086 stiriae
1064 1021 1146 1086 salis
1157 1022 1285 1086 fossilis
1298 1018 1393 1098 (Fig.
1410 1019 1473 1098 O),

271 1131 306 1188 et
330 1122 381 1186 sal
407 1121 556 1200 Aegypti
584 1121 801 1199 Pyramidale
828 1117 922 1198 (Fig.
943 1119 1005 1196 N),
1024 1123 1213 1186 secundum
1235 1121 1470 1186 Valentinum.

271 1222 397 1288 Videre
424 1224 529 1287 etiam
557 1222 637 1286 licet
663 1221 713 1286 sal
739 1243 863 1286 cavum
890 1221 1114 1300 pyramidale,
1132 1223 1221 1286 adeo
1244 1231 1282 1286 ut
1304 1221 1389 1286 nihil
1412 1221 1476 1285 nisi

271 1323 422 1402 parietes
444 1323 479 1386 in
501 1321 752 1400 pyramidalem
776 1321 1020 1398 obliquitatem
1036 1322 1172 1386 stratim
1188 1322 1426 1400 superinducti
1441 1331 1477 1386 et

271 1432 466 1501 pergentes,
498 1422 624 1500 partim
654 1423 688 1486 in
718 1420 855 1499 apicem
885 1422 1011 1499 partim
1042 1422 1076 1484 in
1108 1420 1250 1499 planum
1281 1423 1391 1499 majus
1421 1421 1476 1485 vel

271 1523 393 1596 minus
415 1523 508 1600 quod
523 1522 558 1585 in
573 1522 645 1586 sale
663 1521 844 1599 purificato
861 1521 1058 1587 Hollandiae
1074 1523 1258 1586 observare
1274 1520 1366 1586 licet.

313 1623 352 1686 Si
380 1622 431 1686 sal
459 1643 644 1701 commune
674 1622 832 1686 mittatur
860 1621 896 1684 in
925 1620 1040 1697 ignem
1072 1631 1106 1686 et
1133 1622 1306 1698 tundatur,
1333 1631 1414 1686 tunc
1441 1621 1476 1685 in

272 1724 405 1787 fumum
435 1722 517 1798 abit,
545 1721 643 1798 sique
672 1721 856 1797 colligatur
884 1723 998 1785 tumus
1028 1732 1063 1785 et
1090 1721 1249 1785 mittatur
1274 1723 1309 1785 in
1335 1743 1471 1798 aquam,

237 1855 240 1861 Δ
270 1832 354 1887 tunc
369 1821 645 1899 chrystallisatur
660 1822 695 1885 in
711 1824 818 1886 cubos
834 1830 871 1884 ut
888 1820 991 1898 prius.

317 1923 420 1998 Quod
445 1921 496 1985 sal
523 1921 687 1985 Glauberi
714 1921 850 1996 attinet,
878 1941 991 1985 massa
1014 1921 1135 1998 salina,
1154 1922 1245 1986 unde
1270 1921 1320 1985 sal
1345 1921 1475 1985 dictum

271 2021 472 2096 extrahitur,
501 2021 636 2085 imbibit
666 2023 852 2086 admodum
882 2043 1010 2098 aquam
1040 2023 1075 2085 in
1105 2044 1173 2098 qua
1203 2021 1289 2085 alias
1318 2021 1472 2097 solvitur,

272 2144 353 2187 nani
380 2143 420 2186 ex
444 2124 462 2184 2
489 2121 584 2186 libris
611 2141 732 2185 massae
759 2121 962 2185 obtinentur
984 2125 1002 2185 3
1026 2121 1121 2185 librae
1137 2121 1228 2198 saliS,
1248 2124 1344 2199 cujus
1359 2120 1476 2198 chrys-

272 2222 347 2288 talli
363 2231 443 2286 sunt
459 2221 584 2299 amplae
602 2232 636 2286 et
652 2221 909 2286 rhomboidieae.

315 2324 413 2386 Dnus
430 2321 751 2385 Leeuwenhoekius
766 2321 975 2386 examinavit
991 2323 1152 2386 sudorem
1165 2343 1206 2385 ex
1221 2322 1310 2385 lacie
1325 2321 1476 2386 humana

270 2422 472 2497 stillantem,
491 2431 564 2486 tam
591 2442 669 2485 cnm
694 2421 811 2484 vinum
835 2430 940 2485 antea
963 2422 1058 2498 epoti
1081 2422 1161 2498 sint,
1181 2443 1285 2498 quam
1308 2443 1386 2486 cum
1403 2421 1475 2485 nul·

271 2523 341 2586 lum
372 2522 499 2585 vinum.
549 2524 589 2585 ln
619 2521 707 2585 facie
737 2521 859 2584 horum
890 2522 1131 2598 posteriorum,
1162 2544 1224 2600 per
1248 2522 1475 2600 microscopia

270 2643 332 2687 sua
355 2622 441 2686 vidit
464 2623 590 2698 figuras
613 2621 741 2685 salinas
756 2621 895 2686 cubicas
911 2631 945 2685 et
963 2622 1195 2700 pyramidales
1210 2622 1343 2698 ingenti
1359 2623 1470 2699 eopia,

189 2741 190 2744 ’
272 2722 435 2798 quaelibet
452 2723 560 2798 figura
584 2721 797 2797 longiuscula
815 2721 899 2796 luit,
916 2723 976 2786 sed
993 2731 1119 2799 practer
1133 2721 1209 2786 illas
1230 2721 1346 2787 multae
1370 2722 1473 2786 etiam

272 2824 392 2886 lormae
408 2816 624 2898 irregulares²
639 2828 717 2886 sunt
733 2822 824 2884 visae.

315 2922 447 3006 Pariter
470 2922 575 2986 etiam
598 2922 633 2985 in
657 2922 754 2985 urina
770 2930 805 2984 et
821 2921 855 2984 in
872 2921 1005 2986 calculo
1021 2921 1183 2997 humahc,
1203 2923 1246 2986 de
1261 2922 1386 2999 quibus
1401 2921 1475 3000 ipse

273 3021 418 3096 legatur.
844 3100 849 3110 Ι

313 3123 350 3186 Si
375 3123 510 3200 spiritui
536 3121 617 3186 salis
643 3121 766 3185 marini
792 3122 990 3185 affundetur
1015 3120 1130 3185 oleum
1156 3122 1277 3186 tartari
1309 3144 1371 3199 per
1392 3121 1476 3186 deli·

272 3223 390 3299 quium
420 3224 468 3292 ad,
494 3223 744 3286 saturationem
774 3243 893 3299 usque,
924 3232 1006 3286 tunc
1040 3231 1264 3297 regeneratur
1293 3222 1391 3299 quasi
1421 3221 1472 3285 sal

271 3323 454 3398 marinum;
486 3323 513 3386 si
539 3321 652 3399 liquor
677 3321 732 3386 hic
758 3342 862 3398 purus
879 3321 1027 3386 filtretur
1049 3330 1085 3384 et
1106 3322 1254 3398 benigne
1271 3322 1476 3400 inspissetur

269 3424 313 3486 ad
343 3421 528 3487 cuticulam
559 3432 594 3487 et
623 3422 703 3486 dein
740 3421 859 3498 frigori
890 3431 1094 3498 exponatur,
1129 3432 1355 3486 renascuntur
1384 3443 1473 3485 verae

269 3522 446 3599 chrystalli
462 3521 543 3585 salis
559 3521 692 3597 marini,
711 3522 901 3585 secundum
919 3523 1035 3585 Dfrum
1053 3521 1296 3586 Boerhavium.

313 3622 350 3686 Si
372 3645 450 3687 cum
474 3622 545 3686 sale
569 3621 743 3685 communi
764 3621 832 3684 alia
848 3621 952 3685 etiam
969 3621 1091 3684 salium
1108 3643 1235 3698 genera
1252 3623 1471 3698 misceantur,

271 3731 307 3787 ut
332 3721 465 3797 alcalia,
492 3723 592 3798 nitra,
619 3721 785 3796 victriola,
805 3721 968 3798 alumine,
988 3721 1145 3796 calcaria,
1165 3730 1199 3786 et
1226 3723 1474 3800 evaporatione

269 3823 361 3886 facta
385 3823 429 3887 ad
444 3821 769 3898 chrystallisandum
786 3822 820 3885 in
837 3822 961 3898 frigido
976 3813 1199 3900 reponantur,
1219 3822 1476 3900 chrystallisan-

270 3933 325 3988 tur
347 3922 458 3998 simul,
478 3922 544 3986 hoc
567 3931 630 3998 est,
649 3922 684 3986 in
704 3921 910 4000 chrystallos
933 3931 1074 3997 coeunt;
1100 3924 1162 3987 sed
1184 3924 1335 3986 evadunt
1358 3922 1475 4000 chrys-

269 4022 344 4086 talli
370 4023 521 4087 confusae
549 4043 613 4087 nec
639 4023 755 4098 figurae
779 4031 898 4086 exacte
925 4023 1064 4096 cubicae,
1090 4021 1151 4086 sed
1174 4022 1371 4099 inaequales
1421 4025 1475 4086 Ex

270 4123 393 4199 quibus
416 4123 521 4187 etiam
545 4123 661 4187 videre
682 4122 761 4186 licet
778 4123 872 4199 quod
887 4122 1010 4186 salium
1026 4122 1264 4198 varia-genera
1279 4122 1380 4186 simul
1397 4143 1474 4200 pos·

269 4223 338 4288 sint
354 4222 516 4300 conjungi
533 4231 567 4286 et
583 4221 843 4299 chrystallisari.

312 4323 348 4387 Si
374 4322 563 4389 destillatio
586 4324 646 4387 fiat
664 4325 757 4400 pera
774 4332 891 4400 partes
912 4317 996 4394 [olei
1011 4321 1174 4396 victrioli]
1196 4333 1230 4387 et
1248 4327 1265 4386 1
1281 4323 1364 4388 salis
1381 4344 1476 4387 com·
