<?xml version="1.0" encoding="UTF-8"?>
<!DOCTYPE html PUBLIC "-//W3C//DTD XHTML 1.0 Transitional//EN"
    "http://www.w3.org/TR/xhtml1/DTD/xhtml1-transitional.dtd">
<html xmlns="http://www.w3.org/1999/xhtml" xml:lang="en" lang="en">
 <head>
  <title>
</title>
<meta http-equiv="Content-Type" content="text/html;charset=utf-8" />
  <meta name='ocr-system' content='tesseract 3.04.00' />
  <meta name='ocr-capabilities' content='ocr_page ocr_carea ocr_par ocr_line ocrx_word'/>
</head>
<body>
  <div class='ocr_page' id='page_1' title='image "./desalecommuniho00actogoog_0070.png"; bbox 0 0 3524 5314; ppageno 0'>
   <div class='ocr_carea' id='block_1_1' title="bbox 395 713 1446 800">
    <p class='ocr_par' dir='ltr' id='par_1_1' title="bbox 395 713 1446 800">
     <span class='ocr_line' id='line_1_1' title="bbox 395 713 1446 800; baseline 0.006 -20"><span class='ocrx_word' id='word_1_1' title='bbox 395 713 552 782; x_wconf 88' lang='lat' dir='ltr'><em>COCTIO</em></span> <span class='ocrx_word' id='word_1_2' title='bbox 572 718 692 783; x_wconf 82' lang='lat' dir='ltr'><em>SALIS</em></span> <span class='ocrx_word' id='word_1_3' title='bbox 713 717 768 782; x_wconf 82' lang='lat' dir='ltr'>EX</span> <span class='ocrx_word' id='word_1_4' title='bbox 788 717 917 798; x_wconf 79' lang='lat' dir='ltr'>AQlJA</span> <span class='ocrx_word' id='word_1_5' title='bbox 940 717 1117 784; x_wconf 83' lang='lat' dir='ltr'><em>MARINA</em></span> <span class='ocrx_word' id='word_1_6' title='bbox 1138 720 1353 787; x_wconf 84' lang='lat' dir='ltr'><em>BOHUSIAE.</em></span> <span class='ocrx_word' id='word_1_7' title='bbox 1408 737 1446 800; x_wconf 83' lang='lat'>43</span> 
     </span>
    </p>
   </div>
   <div class='ocr_carea' id='block_1_2' title="bbox 275 901 1448 3697">
    <p class='ocr_par' dir='ltr' id='par_1_2' title="bbox 299 901 1448 1184">
     <span class='ocr_line' id='line_1_2' title="bbox 301 901 1447 985; baseline 0.007 -24"><span class='ocrx_word' id='word_1_8' title='bbox 301 902 368 978; x_wconf 92' lang='lat' dir='ltr'>pari</span> <span class='ocrx_word' id='word_1_9' title='bbox 385 901 479 963; x_wconf 91' lang='lat' dir='ltr'>modo</span> <span class='ocrx_word' id='word_1_10' title='bbox 496 907 531 963; x_wconf 91' lang='lat' dir='ltr'>ut</span> <span class='ocrx_word' id='word_1_11' title='bbox 546 902 667 964; x_wconf 88' lang='lat' dir='ltr'>dictum</span> <span class='ocrx_word' id='word_1_12' title='bbox 684 905 749 982; x_wconf 90' lang='lat' dir='ltr'>jam</span> <span class='ocrx_word' id='word_1_13' title='bbox 767 910 838 981; x_wconf 89' lang='lat' dir='ltr'>est;</span> <span class='ocrx_word' id='word_1_14' title='bbox 856 907 991 984; x_wconf 86' lang='lat' dir='ltr'>repletio</span> <span class='ocrx_word' id='word_1_15' title='bbox 1008 906 1097 966; x_wconf 86' lang='lat' dir='ltr'>vasis</span> <span class='ocrx_word' id='word_1_16' title='bbox 1112 905 1148 967; x_wconf 84' lang='lat' dir='ltr'>fn</span> <span class='ocrx_word' id='word_1_17' title='bbox 1164 923 1221 985; x_wconf 92' lang='lat' dir='ltr'>per</span> <span class='ocrx_word' id='word_1_18' title='bbox 1244 922 1264 982; x_wconf 88' lang='lat'>4</span> <span class='ocrx_word' id='word_1_19' title='bbox 1287 907 1388 983; x_wconf 92' lang='lat' dir='ltr'>vices,</span> <span class='ocrx_word' id='word_1_20' title='bbox 1414 914 1447 969; x_wconf 90' lang='lat' dir='ltr'>et</span> 
     </span>
     <span class='ocr_line' id='line_1_3' title="bbox 299 1001 1448 1082; baseline 0.005 -20"><span class='ocrx_word' id='word_1_21' title='bbox 299 1001 462 1079; x_wconf 79' lang='lat' dir='ltr'>peragitur</span> <span class='ocrx_word' id='word_1_22' title='bbox 483 1020 564 1082; x_wconf 91' lang='lat' dir='ltr'>opus</span> <span class='ocrx_word' id='word_1_23' title='bbox 587 1005 646 1064; x_wconf 88' lang='lat' dir='ltr'>hoc</span> <span class='ocrx_word' id='word_1_24' title='bbox 670 1005 776 1082; x_wconf 88' lang='lat' dir='ltr'>spatio</span> <span class='ocrx_word' id='word_1_25' title='bbox 801 1005 839 1082; x_wconf 82' lang='lat'>36</span> <span class='ocrx_word' id='word_1_26' title='bbox 862 1007 1026 1080; x_wconf 88' lang='lat' dir='ltr'>horarum,</span> <span class='ocrx_word' id='word_1_27' title='bbox 1052 1007 1108 1066; x_wconf 88' lang='lat' dir='ltr'>sed</span> <span class='ocrx_word' id='word_1_28' title='bbox 1132 1024 1204 1067; x_wconf 94' lang='lat' dir='ltr'>cum</span> <span class='ocrx_word' id='word_1_29' title='bbox 1230 1025 1290 1068; x_wconf 88' lang='lat' dir='ltr'>vas</span> <span class='ocrx_word' id='word_1_30' title='bbox 1312 1008 1448 1076; x_wconf 85' lang='lat' dir='ltr'>calidius</span> 
     </span>
     <span class='ocr_line' id='line_1_4' title="bbox 299 1100 1397 1184; baseline 0.005 -23"><span class='ocrx_word' id='word_1_31' title='bbox 299 1100 422 1163; x_wconf 92' lang='lat' dir='ltr'>factum</span> <span class='ocrx_word' id='word_1_32' title='bbox 440 1108 503 1177; x_wconf 92' lang='lat' dir='ltr'>est,</span> <span class='ocrx_word' id='word_1_33' title='bbox 524 1104 630 1165; x_wconf 88' lang='lat' dir='ltr'>minus</span> <span class='ocrx_word' id='word_1_34' title='bbox 646 1110 778 1183; x_wconf 91' lang='lat' dir='ltr'>tempus</span> <span class='ocrx_word' id='word_1_35' title='bbox 795 1107 979 1184; x_wconf 89' lang='lat' dir='ltr'>requiritur.</span> <span class='ocrx_word' id='word_1_36' title='bbox 1340 1169 1342 1175; x_wconf 67' lang='grc'>,</span> <span class='ocrx_word' id='word_1_37' title='bbox 1396 1161 1397 1166; x_wconf 73' lang='grc'>,</span> 
     </span>
    </p>

    <p class='ocr_par' dir='ltr' id='par_1_3' title="bbox 299 1200 1447 1485">
     <span class='ocr_line' id='line_1_5' title="bbox 341 1200 1447 1286; baseline 0.005 -22"><span class='ocrx_word' id='word_1_38' title='bbox 341 1200 408 1264; x_wconf 89' lang='lat' dir='ltr'>Sub</span> <span class='ocrx_word' id='word_1_39' title='bbox 425 1202 523 1264; x_wconf 86' lang='lat' dir='ltr'>tinem</span> <span class='ocrx_word' id='word_1_40' title='bbox 541 1205 772 1266; x_wconf 89' lang='lat' dir='ltr'>diminuendus</span> <span class='ocrx_word' id='word_1_41' title='bbox 789 1211 841 1268; x_wconf 88' lang='lat' dir='ltr'>est</span> <span class='ocrx_word' id='word_1_42' title='bbox 857 1207 951 1285; x_wconf 85' lang='lat' dir='ltr'>ignis,</span> <span class='ocrx_word' id='word_1_43' title='bbox 968 1224 1108 1285; x_wconf 88' lang='lat' dir='ltr'>cumque</span> <span class='ocrx_word' id='word_1_44' title='bbox 1134 1209 1239 1269; x_wconf 89' lang='lat' dir='ltr'>omnis</span> <span class='ocrx_word' id='word_1_45' title='bbox 1261 1224 1347 1286; x_wconf 89' lang='lat' dir='ltr'>aqua</span> <span class='ocrx_word' id='word_1_46' title='bbox 1370 1227 1447 1270; x_wconf 91' lang='lat' dir='ltr'>eva-</span> 
     </span>
     <span class='ocr_line' id='line_1_6' title="bbox 299 1305 1446 1384; baseline 0.005 -20"><span class='ocrx_word' id='word_1_47' title='bbox 299 1309 412 1382; x_wconf 87' lang='lat' dir='ltr'>porata</span> <span class='ocrx_word' id='word_1_48' title='bbox 429 1305 482 1380; x_wconf 90' lang='lat' dir='ltr'>sit,</span> <span class='ocrx_word' id='word_1_49' title='bbox 509 1310 587 1365; x_wconf 89' lang='lat' dir='ltr'>tunc</span> <span class='ocrx_word' id='word_1_50' title='bbox 611 1306 769 1384; x_wconf 84' lang='lat' dir='ltr'>colligitur</span> <span class='ocrx_word' id='word_1_51' title='bbox 793 1308 840 1367; x_wconf 91' lang='lat' dir='ltr'>sal</span> <span class='ocrx_word' id='word_1_52' title='bbox 865 1308 895 1366; x_wconf 92' lang='lat' dir='ltr'>in</span> <span class='ocrx_word' id='word_1_53' title='bbox 919 1306 1033 1383; x_wconf 90' lang='lat' dir='ltr'>fundo,</span> <span class='ocrx_word' id='word_1_54' title='bbox 1059 1313 1092 1368; x_wconf 90' lang='lat' dir='ltr'>et</span> <span class='ocrx_word' id='word_1_55' title='bbox 1115 1307 1261 1369; x_wconf 81' lang='lat' dir='ltr'>defertur</span> <span class='ocrx_word' id='word_1_56' title='bbox 1285 1309 1316 1370; x_wconf 91' lang='lat' dir='ltr'>in</span> <span class='ocrx_word' id='word_1_57' title='bbox 1341 1311 1446 1370; x_wconf 90' lang='lat' dir='ltr'>locum</span> 
     </span>
     <span class='ocr_line' id='line_1_7' title="bbox 299 1405 883 1485; baseline 0.007 -21"><span class='ocrx_word' id='word_1_58' title='bbox 299 1405 463 1482; x_wconf 87' lang='lat' dir='ltr'>quendam</span> <span class='ocrx_word' id='word_1_59' title='bbox 482 1405 521 1464; x_wconf 89' lang='lat' dir='ltr'>ad</span> <span class='ocrx_word' id='word_1_60' title='bbox 538 1405 608 1466; x_wconf 92' lang='lat' dir='ltr'>illos</span> <span class='ocrx_word' id='word_1_61' title='bbox 625 1423 705 1466; x_wconf 92' lang='lat' dir='ltr'>usus</span> <span class='ocrx_word' id='word_1_62' title='bbox 721 1413 883 1485; x_wconf 90' lang='lat' dir='ltr'>paratum.</span> 
     </span>
    </p>

    <p class='ocr_par' dir='ltr' id='par_1_4' title="bbox 275 1505 1448 2795">
     <span class='ocr_line' id='line_1_8' title="bbox 342 1505 1446 1586; baseline 0.005 -20"><span class='ocrx_word' id='word_1_63' title='bbox 342 1505 427 1567; x_wconf 84' lang='lat' dir='ltr'>Vasa</span> <span class='ocrx_word' id='word_1_64' title='bbox 443 1507 671 1584; x_wconf 86' lang='lat' dir='ltr'>evaporatoria</span> <span class='ocrx_word' id='word_1_65' title='bbox 689 1507 720 1567; x_wconf 94' lang='lat' dir='ltr'>in</span> <span class='ocrx_word' id='word_1_66' title='bbox 738 1507 862 1568; x_wconf 86' lang='lat' dir='ltr'>Leven¹</span> <span class='ocrx_word' id='word_1_67' title='bbox 886 1508 917 1568; x_wconf 94' lang='lat' dir='ltr'>in</span> <span class='ocrx_word' id='word_1_68' title='bbox 940 1507 1049 1570; x_wconf 87' lang='lat' dir='ltr'>Scotla</span> <span class='ocrx_word' id='word_1_69' title='bbox 1074 1514 1152 1570; x_wconf 89' lang='lat' dir='ltr'>sunt</span> <span class='ocrx_word' id='word_1_70' title='bbox 1174 1526 1310 1571; x_wconf 90' lang='lat' dir='ltr'>numero</span> <span class='ocrx_word' id='word_1_71' title='bbox 1332 1510 1363 1586; x_wconf 83' lang='lat'>6,</span> <span class='ocrx_word' id='word_1_72' title='bbox 1389 1511 1446 1573; x_wconf 91' lang='lat' dir='ltr'>sed</span> 
     </span>
     <span class='ocr_line' id='line_1_9' title="bbox 275 1606 1448 1692; baseline 0.005 -26"><span class='ocrx_word' id='word_1_73' title='bbox 275 1688 277 1692; x_wconf 17' lang='grc' dir='ltr'><strong><em>ι</em></strong></span> <span class='ocrx_word' id='word_1_74' title='bbox 299 1606 393 1666; x_wconf 88' lang='lat' dir='ltr'>hodie</span> <span class='ocrx_word' id='word_1_75' title='bbox 411 1623 475 1666; x_wconf 89' lang='lat' dir='ltr'>non</span> <span class='ocrx_word' id='word_1_76' title='bbox 494 1607 588 1681; x_wconf 85' lang='lat' dir='ltr'>nisi4</span> <span class='ocrx_word' id='word_1_77' title='bbox 609 1613 822 1686; x_wconf 85' lang='lat' dir='ltr'>usurpantur,</span> <span class='ocrx_word' id='word_1_78' title='bbox 846 1613 880 1669; x_wconf 92' lang='lat' dir='ltr'>et</span> <span class='ocrx_word' id='word_1_79' title='bbox 902 1608 1105 1686; x_wconf 90' lang='lat' dir='ltr'>aliquantum</span> <span class='ocrx_word' id='word_1_80' title='bbox 1130 1628 1147 1670; x_wconf 92' lang='lat' dir='ltr'>a</span> <span class='ocrx_word' id='word_1_81' title='bbox 1172 1610 1334 1689; x_wconf 86' lang='lat' dir='ltr'>praedictis</span> <span class='ocrx_word' id='word_1_82' title='bbox 1357 1609 1448 1672; x_wconf 87' lang='lat' dir='ltr'>difie-</span> 
     </span>
     <span class='ocr_line' id='line_1_10' title="bbox 301 1707 1446 1788; baseline 0.004 -21"><span class='ocrx_word' id='word_1_83' title='bbox 301 1713 393 1783; x_wconf 90' lang='lat' dir='ltr'>runt;</span> <span class='ocrx_word' id='word_1_84' title='bbox 411 1724 485 1767; x_wconf 90' lang='lat' dir='ltr'>nam</span> <span class='ocrx_word' id='word_1_85' title='bbox 504 1708 565 1768; x_wconf 92' lang='lat' dir='ltr'>sub</span> <span class='ocrx_word' id='word_1_86' title='bbox 583 1725 663 1768; x_wconf 87' lang='lat' dir='ltr'>vase</span> <span class='ocrx_word' id='word_1_87' title='bbox 679 1707 710 1769; x_wconf 94' lang='lat' dir='ltr'>in</span> <span class='ocrx_word' id='word_1_88' title='bbox 727 1709 855 1770; x_wconf 87' lang='lat' dir='ltr'>camino</span> <span class='ocrx_word' id='word_1_89' title='bbox 870 1710 982 1787; x_wconf 89' lang='lat' dir='ltr'>jacent</span> <span class='ocrx_word' id='word_1_90' title='bbox 999 1710 1128 1770; x_wconf 90' lang='lat' dir='ltr'>laminae</span> <span class='ocrx_word' id='word_1_91' title='bbox 1144 1709 1261 1770; x_wconf 87' lang='lat' dir='ltr'>ferreae</span> <span class='ocrx_word' id='word_1_92' title='bbox 1281 1727 1355 1788; x_wconf 85' lang='lat' dir='ltr'>quae</span> <span class='ocrx_word' id='word_1_93' title='bbox 1379 1713 1446 1772; x_wconf 89' lang='lat' dir='ltr'>lon·</span> 
     </span>
     <span class='ocr_line' id='line_1_11' title="bbox 299 1806 1444 1887; baseline 0.008 -21"><span class='ocrx_word' id='word_1_94' title='bbox 299 1806 477 1885; x_wconf 84' lang='lat' dir='ltr'>gitudinem</span> <span class='ocrx_word' id='word_1_95' title='bbox 495 1808 633 1868; x_wconf 90' lang='lat' dir='ltr'>eandem</span> <span class='ocrx_word' id='word_1_96' title='bbox 651 1825 725 1868; x_wconf 91' lang='lat' dir='ltr'>curn</span> <span class='ocrx_word' id='word_1_97' title='bbox 743 1827 823 1870; x_wconf 88' lang='lat' dir='ltr'>vase</span> <span class='ocrx_word' id='word_1_98' title='bbox 845 1810 982 1885; x_wconf 89' lang='lat' dir='ltr'>habent,</span> <span class='ocrx_word' id='word_1_99' title='bbox 1007 1818 1168 1871; x_wconf 90' lang='lat' dir='ltr'>vocantur</span> <span class='ocrx_word' id='word_1_100' title='bbox 1191 1811 1255 1872; x_wconf 89' lang='lat' dir='ltr'>illae</span> <span class='ocrx_word' id='word_1_101' title='bbox 1276 1811 1444 1887; x_wconf 79' lang='lat' dir='ltr'>Brunders‚</span> 
     </span>
     <span class='ocr_line' id='line_1_12' title="bbox 300 1907 1446 1989; baseline 0.005 -22"><span class='ocrx_word' id='word_1_102' title='bbox 300 1909 330 1968; x_wconf 94' lang='lat' dir='ltr'>in</span> <span class='ocrx_word' id='word_1_103' title='bbox 348 1908 408 1968; x_wconf 92' lang='lat' dir='ltr'>illis</span> <span class='ocrx_word' id='word_1_104' title='bbox 424 1913 503 1969; x_wconf 92' lang='lat' dir='ltr'>sunt</span> <span class='ocrx_word' id='word_1_105' title='bbox 518 1907 690 1983; x_wconf 82' lang='lat' dir='ltr'>foramina,</span> <span class='ocrx_word' id='word_1_106' title='bbox 709 1914 742 1970; x_wconf 91' lang='lat' dir='ltr'>et</span> <span class='ocrx_word' id='word_1_107' title='bbox 757 1910 910 1987; x_wconf 86' lang='lat' dir='ltr'>quoniam</span> <span class='ocrx_word' id='word_1_108' title='bbox 928 1911 1089 1971; x_wconf 90' lang='lat' dir='ltr'>carbones</span> <span class='ocrx_word' id='word_1_109' title='bbox 1105 1928 1203 1989; x_wconf 90' lang='lat' dir='ltr'>super</span> <span class='ocrx_word' id='word_1_110' title='bbox 1220 1911 1281 1972; x_wconf 90' lang='lat' dir='ltr'>illis</span> <span class='ocrx_word' id='word_1_111' title='bbox 1302 1913 1446 1974; x_wconf 84' lang='lat' dir='ltr'>relocan-</span> 
     </span>
     <span class='ocr_line' id='line_1_13' title="bbox 301 2009 1446 2089; baseline 0.004 -21"><span class='ocrx_word' id='word_1_112' title='bbox 301 2013 364 2082; x_wconf 89' lang='lat' dir='ltr'>tur,</span> <span class='ocrx_word' id='word_1_113' title='bbox 381 2014 623 2070; x_wconf 83' lang='lat' dir='ltr'>conservantur</span> <span class='ocrx_word' id='word_1_114' title='bbox 639 2009 671 2070; x_wconf 94' lang='lat' dir='ltr'>in</span> <span class='ocrx_word' id='word_1_115' title='bbox 690 2010 750 2070; x_wconf 88' lang='lat' dir='ltr'>illis</span> <span class='ocrx_word' id='word_1_116' title='bbox 766 2009 898 2070; x_wconf 89' lang='lat' dir='ltr'>flamma</span> <span class='ocrx_word' id='word_1_117' title='bbox 915 2015 948 2071; x_wconf 89' lang='lat' dir='ltr'>et</span> <span class='ocrx_word' id='word_1_118' title='bbox 974 2010 1056 2088; x_wconf 83' lang='lat' dir='ltr'>ignis</span> <span class='ocrx_word' id='word_1_119' title='bbox 1080 2016 1236 2089; x_wconf 89' lang='lat' dir='ltr'>tanquam</span> <span class='ocrx_word' id='word_1_120' title='bbox 1260 2013 1291 2072; x_wconf 93' lang='lat' dir='ltr'>in</span> <span class='ocrx_word' id='word_1_121' title='bbox 1316 2013 1446 2074; x_wconf 87' lang='lat' dir='ltr'>camino</span> 
     </span>
     <span class='ocr_line' id='line_1_14' title="bbox 298 2110 1445 2186; baseline 0.005 -18"><span class='ocrx_word' id='word_1_122' title='bbox 298 2110 435 2186; x_wconf 88' lang='lat' dir='ltr'>quodam</span> <span class='ocrx_word' id='word_1_123' title='bbox 451 2111 628 2170; x_wconf 89' lang='lat' dir='ltr'>reverberii</span> <span class='ocrx_word' id='word_1_124' title='bbox 645 2111 697 2170; x_wconf 91' lang='lat' dir='ltr'>vel</span> <span class='ocrx_word' id='word_1_125' title='bbox 712 2111 919 2172; x_wconf 88' lang='lat' dir='ltr'>ventilatorio</span> <span class='ocrx_word' id='word_1_126' title='bbox 932 2111 1028 2186; x_wconf 79' lang='lat' dir='ltr'>aeriS,</span> <span class='ocrx_word' id='word_1_127' title='bbox 1047 2111 1193 2173; x_wconf 82' lang='lat' dir='ltr'>defertur</span> <span class='ocrx_word' id='word_1_128' title='bbox 1211 2111 1256 2172; x_wconf 92' lang='lat' dir='ltr'>sic</span> <span class='ocrx_word' id='word_1_129' title='bbox 1269 2111 1402 2178; x_wconf 86' lang='lat' dir='ltr'>flamma</span> <span class='ocrx_word' id='word_1_130' title='bbox 1414 2113 1445 2178; x_wconf 90' lang='lat' dir='ltr'>in</span> 
     </span>
     <span class='ocr_line' id='line_1_15' title="bbox 299 2208 1446 2290; baseline 0.005 -21"><span class='ocrx_word' id='word_1_131' title='bbox 299 2208 435 2271; x_wconf 86' lang='lat' dir='ltr'>fundum</span> <span class='ocrx_word' id='word_1_132' title='bbox 460 2211 561 2272; x_wconf 73' lang='lat' dir='ltr'>vasis</span> <span class='ocrx_word' id='word_1_133' title='bbox 607 2209 711 2290; x_wconf 87' lang='lat' dir='ltr'>Supra</span> <span class='ocrx_word' id='word_1_134' title='bbox 737 2229 797 2271; x_wconf 89' lang='lat' dir='ltr'>vas</span> <span class='ocrx_word' id='word_1_135' title='bbox 821 2213 893 2287; x_wconf 90' lang='lat' dir='ltr'>hoc,</span> <span class='ocrx_word' id='word_1_136' title='bbox 920 2229 961 2271; x_wconf 91' lang='lat' dir='ltr'>ex</span> <span class='ocrx_word' id='word_1_137' title='bbox 985 2212 1115 2272; x_wconf 89' lang='lat' dir='ltr'>laminis</span> <span class='ocrx_word' id='word_1_138' title='bbox 1137 2211 1253 2274; x_wconf 90' lang='lat' dir='ltr'>ferreis</span> <span class='ocrx_word' id='word_1_139' title='bbox 1276 2219 1446 2289; x_wconf 78' lang='lat' dir='ltr'>constanS,</span> 
     </span>
     <span class='ocr_line' id='line_1_16' title="bbox 299 2310 1447 2392; baseline 0.005 -22"><span class='ocrx_word' id='word_1_140' title='bbox 299 2314 350 2371; x_wconf 90' lang='lat' dir='ltr'>est</span> <span class='ocrx_word' id='word_1_141' title='bbox 366 2328 425 2371; x_wconf 88' lang='lat' dir='ltr'>vas</span> <span class='ocrx_word' id='word_1_142' title='bbox 441 2311 632 2390; x_wconf 92' lang='lat' dir='ltr'>plumbeum</span> <span class='ocrx_word' id='word_1_143' title='bbox 650 2311 768 2382; x_wconf 68' lang='lat' dir='ltr'>minus</span> <span class='ocrx_word' id='word_1_144' title='bbox 788 2312 846 2372; x_wconf 91' lang='lat' dir='ltr'>sed</span> <span class='ocrx_word' id='word_1_145' title='bbox 863 2310 1085 2390; x_wconf 87' lang='lat' dir='ltr'>profunditate</span> <span class='ocrx_word' id='word_1_146' title='bbox 1102 2313 1225 2391; x_wconf 88' lang='lat' dir='ltr'>majore</span> <span class='ocrx_word' id='word_1_147' title='bbox 1240 2314 1401 2392; x_wconf 84' lang='lat' dir='ltr'>gaudens,</span> <span class='ocrx_word' id='word_1_148' title='bbox 1416 2315 1447 2376; x_wconf 90' lang='lat' dir='ltr'>ln</span> 
     </span>
     <span class='ocr_line' id='line_1_17' title="bbox 297 2411 1445 2493; baseline 0.005 -23"><span class='ocrx_word' id='word_1_149' title='bbox 297 2411 382 2488; x_wconf 88' lang='lat' dir='ltr'>quod</span> <span class='ocrx_word' id='word_1_150' title='bbox 398 2411 582 2473; x_wconf 89' lang='lat' dir='ltr'>immittitur</span> <span class='ocrx_word' id='word_1_151' title='bbox 598 2428 702 2489; x_wconf 89' lang='lat' dir='ltr'>aqua;</span> <span class='ocrx_word' id='word_1_152' title='bbox 719 2412 750 2472; x_wconf 90' lang='lat' dir='ltr'>in</span> <span class='ocrx_word' id='word_1_153' title='bbox 768 2429 858 2472; x_wconf 95' lang='lat' dir='ltr'>muro</span> <span class='ocrx_word' id='word_1_154' title='bbox 875 2413 959 2473; x_wconf 91' lang='lat' dir='ltr'>inter</span> <span class='ocrx_word' id='word_1_155' title='bbox 977 2430 1036 2473; x_wconf 92' lang='lat' dir='ltr'>vas</span> <span class='ocrx_word' id='word_1_156' title='bbox 1052 2411 1193 2474; x_wconf 90' lang='lat' dir='ltr'>ferreum</span> <span class='ocrx_word' id='word_1_157' title='bbox 1211 2419 1244 2474; x_wconf 91' lang='lat' dir='ltr'>et</span> <span class='ocrx_word' id='word_1_158' title='bbox 1256 2416 1445 2493; x_wconf 92' lang='lat' dir='ltr'>plumbeum</span> 
     </span>
     <span class='ocr_line' id='line_1_18' title="bbox 299 2512 1445 2592; baseline 0.003 -20"><span class='ocrx_word' id='word_1_159' title='bbox 299 2517 376 2577; x_wconf 91' lang='lat' dir='ltr'>sunt</span> <span class='ocrx_word' id='word_1_160' title='bbox 391 2513 508 2590; x_wconf 86' lang='lat' dir='ltr'>aliquae</span> <span class='ocrx_word' id='word_1_161' title='bbox 529 2518 706 2591; x_wconf 86' lang='lat' dir='ltr'>aperturae,</span> <span class='ocrx_word' id='word_1_162' title='bbox 731 2512 788 2573; x_wconf 90' lang='lat' dir='ltr'>sed</span> <span class='ocrx_word' id='word_1_163' title='bbox 812 2513 951 2591; x_wconf 84' lang='lat' dir='ltr'>exiguae,</span> <span class='ocrx_word' id='word_1_164' title='bbox 976 2530 1033 2592; x_wconf 92' lang='lat' dir='ltr'>per</span> <span class='ocrx_word' id='word_1_165' title='bbox 1056 2530 1138 2591; x_wconf 86' lang='lat' dir='ltr'>quas</span> <span class='ocrx_word' id='word_1_166' title='bbox 1162 2517 1261 2575; x_wconf 91' lang='lat' dir='ltr'>intrat</span> <span class='ocrx_word' id='word_1_167' title='bbox 1284 2516 1371 2576; x_wconf 90' lang='lat' dir='ltr'>calor</span> <span class='ocrx_word' id='word_1_168' title='bbox 1394 2518 1445 2576; x_wconf 91' lang='lat' dir='ltr'>vel</span> 
     </span>
     <span class='ocr_line' id='line_1_19' title="bbox 298 2611 1444 2695; baseline 0.006 -25"><span class='ocrx_word' id='word_1_169' title='bbox 298 2611 379 2690; x_wconf 87' lang='lat' dir='ltr'>ignis</span> <span class='ocrx_word' id='word_1_170' title='bbox 389 2614 450 2673; x_wconf 89' lang='lat' dir='ltr'>sub</span> <span class='ocrx_word' id='word_1_171' title='bbox 464 2631 544 2674; x_wconf 89' lang='lat' dir='ltr'>vase</span> <span class='ocrx_word' id='word_1_172' title='bbox 556 2613 675 2688; x_wconf 90' lang='lat' dir='ltr'>ferreo,</span> <span class='ocrx_word' id='word_1_173' title='bbox 691 2619 723 2674; x_wconf 92' lang='lat' dir='ltr'>et</span> <span class='ocrx_word' id='word_1_174' title='bbox 734 2630 851 2691; x_wconf 88' lang='lat' dir='ltr'>aquam</span> <span class='ocrx_word' id='word_1_175' title='bbox 863 2618 894 2673; x_wconf 92' lang='lat' dir='ltr'>in</span> <span class='ocrx_word' id='word_1_176' title='bbox 910 2631 989 2675; x_wconf 88' lang='lat' dir='ltr'>vase</span> <span class='ocrx_word' id='word_1_177' title='bbox 1001 2615 1152 2693; x_wconf 90' lang='lat' dir='ltr'>plumbeo</span> <span class='ocrx_word' id='word_1_178' title='bbox 1166 2616 1444 2695; x_wconf 87' lang='lat' dir='ltr'>servattepidam,</span> 
     </span>
     <span class='ocr_line' id='line_1_20' title="bbox 300 2713 1445 2795; baseline 0.006 -23"><span class='ocrx_word' id='word_1_179' title='bbox 300 2729 402 2790; x_wconf 89' lang='lat' dir='ltr'>usque</span> <span class='ocrx_word' id='word_1_180' title='bbox 418 2713 494 2774; x_wconf 92' lang='lat' dir='ltr'>dum</span> <span class='ocrx_word' id='word_1_181' title='bbox 512 2731 572 2793; x_wconf 93' lang='lat' dir='ltr'>ope</span> <span class='ocrx_word' id='word_1_182' title='bbox 594 2715 739 2793; x_wconf 87' lang='lat' dir='ltr'>siphonis</span> <span class='ocrx_word' id='word_1_183' title='bbox 763 2714 838 2774; x_wconf 91' lang='lat' dir='ltr'>inde</span> <span class='ocrx_word' id='word_1_184' title='bbox 861 2715 893 2773; x_wconf 89' lang='lat' dir='ltr'>in</span> <span class='ocrx_word' id='word_1_185' title='bbox 918 2732 977 2775; x_wconf 90' lang='lat' dir='ltr'>vas</span> <span class='ocrx_word' id='word_1_186' title='bbox 1000 2717 1261 2794; x_wconf 91' lang='lat' dir='ltr'>evaporatorium</span> <span class='ocrx_word' id='word_1_187' title='bbox 1286 2717 1445 2795; x_wconf 86' lang='lat' dir='ltr'>ejiciatur.</span> 
     </span>
    </p>

    <p class='ocr_par' dir='ltr' id='par_1_5' title="bbox 298 2811 1447 3697">
     <span class='ocr_line' id='line_1_21' title="bbox 340 2811 1447 2895; baseline 0.004 -21"><span class='ocrx_word' id='word_1_188' title='bbox 340 2811 403 2875; x_wconf 87' lang='lat' dir='ltr'>Sed</span> <span class='ocrx_word' id='word_1_189' title='bbox 422 2814 537 2875; x_wconf 93' lang='lat' dir='ltr'>modus</span> <span class='ocrx_word' id='word_1_190' title='bbox 553 2815 604 2876; x_wconf 90' lang='lat' dir='ltr'>hic</span> <span class='ocrx_word' id='word_1_191' title='bbox 620 2831 676 2894; x_wconf 92' lang='lat' dir='ltr'>per</span> <span class='ocrx_word' id='word_1_192' title='bbox 698 2832 779 2875; x_wconf 88' lang='lat' dir='ltr'>vasa</span> <span class='ocrx_word' id='word_1_193' title='bbox 804 2816 958 2893; x_wconf 89' lang='lat' dir='ltr'>plumbea</span> <span class='ocrx_word' id='word_1_194' title='bbox 983 2833 1047 2877; x_wconf 92' lang='lat' dir='ltr'>non</span> <span class='ocrx_word' id='word_1_195' title='bbox 1071 2817 1155 2876; x_wconf 91' lang='lat' dir='ltr'>illius</span> <span class='ocrx_word' id='word_1_196' title='bbox 1178 2817 1269 2895; x_wconf 90' lang='lat' dir='ltr'>pretii</span> <span class='ocrx_word' id='word_1_197' title='bbox 1293 2823 1447 2878; x_wconf 88' lang='lat' dir='ltr'>censetur</span> 
     </span>
     <span class='ocr_line' id='line_1_22' title="bbox 299 2914 1446 2997; baseline 0.004 -23"><span class='ocrx_word' id='word_1_198' title='bbox 299 2931 374 2976; x_wconf 86' lang='lat' dir='ltr'>esse</span> <span class='ocrx_word' id='word_1_199' title='bbox 390 2920 485 2994; x_wconf 90' lang='lat' dir='ltr'>prout</span> <span class='ocrx_word' id='word_1_200' title='bbox 502 2916 616 2978; x_wconf 92' lang='lat' dir='ltr'>modus</span> <span class='ocrx_word' id='word_1_201' title='bbox 633 2933 688 2994; x_wconf 93' lang='lat' dir='ltr'>per</span> <span class='ocrx_word' id='word_1_202' title='bbox 706 2933 786 2976; x_wconf 90' lang='lat' dir='ltr'>vasa</span> <span class='ocrx_word' id='word_1_203' title='bbox 802 2914 908 2976; x_wconf 90' lang='lat' dir='ltr'>ferrea</span> <span class='ocrx_word' id='word_1_204' title='bbox 921 2916 1087 2994; x_wconf 83' lang='lat' dir='ltr'>praedicta,</span> <span class='ocrx_word' id='word_1_205' title='bbox 1102 2921 1278 2978; x_wconf 90' lang='lat' dir='ltr'>autumant</span> <span class='ocrx_word' id='word_1_206' title='bbox 1290 2919 1376 2992; x_wconf 88' lang='lat' dir='ltr'>enim</span> <span class='ocrx_word' id='word_1_207' title='bbox 1390 2936 1446 2997; x_wconf 90' lang='lat' dir='ltr'>per</span> 
     </span>
     <span class='ocr_line' id='line_1_23' title="bbox 299 3015 1447 3097; baseline 0.005 -23"><span class='ocrx_word' id='word_1_208' title='bbox 299 3015 420 3076; x_wconf 90' lang='lat' dir='ltr'>lentam</span> <span class='ocrx_word' id='word_1_209' title='bbox 438 3016 524 3075; x_wconf 89' lang='lat' dir='ltr'>illam</span> <span class='ocrx_word' id='word_1_210' title='bbox 541 3017 780 3094; x_wconf 81' lang='lat' dir='ltr'>tepescentium</span> <span class='ocrx_word' id='word_1_211' title='bbox 798 3016 949 3077; x_wconf 89' lang='lat' dir='ltr'>volatiles</span> <span class='ocrx_word' id='word_1_212' title='bbox 965 3022 999 3076; x_wconf 92' lang='lat' dir='ltr'>et</span> <span class='ocrx_word' id='word_1_213' title='bbox 1015 3018 1154 3078; x_wconf 90' lang='lat' dir='ltr'>subtiles</span> <span class='ocrx_word' id='word_1_214' title='bbox 1169 3018 1247 3078; x_wconf 91' lang='lat' dir='ltr'>salis</span> <span class='ocrx_word' id='word_1_215' title='bbox 1262 3023 1374 3097; x_wconf 89' lang='lat' dir='ltr'>partes</span> <span class='ocrx_word' id='word_1_216' title='bbox 1390 3036 1447 3097; x_wconf 88' lang='lat' dir='ltr'>per</span> 
     </span>
     <span class='ocr_line' id='line_1_24' title="bbox 300 3116 1445 3196; baseline 0.007 -24"><span class='ocrx_word' id='word_1_217' title='bbox 300 3132 438 3194; x_wconf 88' lang='lat' dir='ltr'>vapores</span> <span class='ocrx_word' id='word_1_218' title='bbox 454 3117 537 3194; x_wconf 88' lang='lat' dir='ltr'>ejici,</span> <span class='ocrx_word' id='word_1_219' title='bbox 556 3117 655 3192; x_wconf 90' lang='lat' dir='ltr'>unde,</span> <span class='ocrx_word' id='word_1_220' title='bbox 677 3118 760 3177; x_wconf 90' lang='lat' dir='ltr'>circa</span> <span class='ocrx_word' id='word_1_221' title='bbox 786 3116 923 3192; x_wconf 71' lang='lat' dir='ltr'>methir,</span> <span class='ocrx_word' id='word_1_222' title='bbox 949 3117 979 3177; x_wconf 89' lang='lat' dir='ltr'>in</span> <span class='ocrx_word' id='word_1_223' title='bbox 1004 3117 1159 3196; x_wconf 85' lang='lat' dir='ltr'>principio</span> <span class='ocrx_word' id='word_1_224' title='bbox 1181 3124 1313 3196; x_wconf 87' lang='lat' dir='ltr'>urgetur</span> <span class='ocrx_word' id='word_1_225' title='bbox 1336 3120 1445 3180; x_wconf 90' lang='lat' dir='ltr'>statim</span> 
     </span>
     <span class='ocr_line' id='line_1_25' title="bbox 298 3215 1446 3298; baseline 0.003 -22"><span class='ocrx_word' id='word_1_226' title='bbox 298 3230 381 3294; x_wconf 86' lang='lat' dir='ltr'>aqua</span> <span class='ocrx_word' id='word_1_227' title='bbox 398 3216 472 3294; x_wconf 85' lang='lat' dir='ltr'>igne</span> <span class='ocrx_word' id='word_1_228' title='bbox 489 3217 691 3280; x_wconf 90' lang='lat' dir='ltr'>vehementi.</span> <span class='ocrx_word' id='word_1_229' title='bbox 737 3215 964 3278; x_wconf 88' lang='lat' dir='ltr'>Observatum</span> <span class='ocrx_word' id='word_1_230' title='bbox 989 3218 1087 3278; x_wconf 89' lang='lat' dir='ltr'>etiam</span> <span class='ocrx_word' id='word_1_231' title='bbox 1112 3223 1174 3294; x_wconf 88' lang='lat' dir='ltr'>est,</span> <span class='ocrx_word' id='word_1_232' title='bbox 1199 3218 1283 3296; x_wconf 89' lang='lat' dir='ltr'>quod</span> <span class='ocrx_word' id='word_1_233' title='bbox 1301 3220 1446 3298; x_wconf 90' lang='lat' dir='ltr'>salprae·</span> 
     </span>
     <span class='ocr_line' id='line_1_26' title="bbox 298 3317 1446 3399; baseline 0.004 -23"><span class='ocrx_word' id='word_1_234' title='bbox 298 3322 446 3395; x_wconf 88' lang='lat' dir='ltr'>paratum</span> <span class='ocrx_word' id='word_1_235' title='bbox 460 3317 682 3378; x_wconf 85' lang='lat' dir='ltr'>circa·Leven¹</span> <span class='ocrx_word' id='word_1_236' title='bbox 699 3319 870 3378; x_wconf 86' lang='lat' dir='ltr'>humescat</span> <span class='ocrx_word' id='word_1_237' title='bbox 887 3317 917 3377; x_wconf 90' lang='lat' dir='ltr'>in</span> <span class='ocrx_word' id='word_1_238' title='bbox 931 3335 1007 3378; x_wconf 93' lang='lat' dir='ltr'>aere</span> <span class='ocrx_word' id='word_1_239' title='bbox 1023 3319 1315 3397; x_wconf 66' lang='lat' dir='ltr'>pluvio„quamvis</span> <span class='ocrx_word' id='word_1_240' title='bbox 1328 3321 1446 3399; x_wconf 90' lang='lat' dir='ltr'>pluviis</span> 
     </span>
     <span class='ocr_line' id='line_1_27' title="bbox 300 3416 1444 3496; baseline 0.003 -18"><span class='ocrx_word' id='word_1_241' title='bbox 300 3423 575 3496; x_wconf 89' lang='lat' dir='ltr'>nonexponatur,</span> <span class='ocrx_word' id='word_1_242' title='bbox 593 3416 651 3478; x_wconf 92' lang='lat' dir='ltr'>sed</span> <span class='ocrx_word' id='word_1_243' title='bbox 667 3418 743 3496; x_wconf 86' lang='lat' dir='ltr'>quia</span> <span class='ocrx_word' id='word_1_244' title='bbox 759 3418 861 3478; x_wconf 89' lang='lat' dir='ltr'>dulcis</span> <span class='ocrx_word' id='word_1_245' title='bbox 877 3436 961 3495; x_wconf 86' lang='lat' dir='ltr'>aqua</span> <span class='ocrx_word' id='word_1_246' title='bbox 978 3418 1008 3478; x_wconf 94' lang='lat' dir='ltr'>in</span> <span class='ocrx_word' id='word_1_247' title='bbox 1027 3435 1116 3478; x_wconf 89' lang='lat' dir='ltr'>mare</span> <span class='ocrx_word' id='word_1_248' title='bbox 1130 3419 1160 3479; x_wconf 91' lang='lat' dir='ltr'>in</span> <span class='ocrx_word' id='word_1_249' title='bbox 1175 3421 1244 3482; x_wconf 85' lang='lat' dir='ltr'>loco</span> <span class='ocrx_word' id='word_1_250' title='bbox 1258 3421 1311 3482; x_wconf 92' lang='lat' dir='ltr'>illo</span> <span class='ocrx_word' id='word_1_251' title='bbox 1324 3419 1444 3495; x_wconf 90' lang='lat' dir='ltr'>influit,</span> 
     </span>
     <span class='ocr_line' id='line_1_28' title="bbox 298 3518 1443 3597; baseline 0.004 -20"><span class='ocrx_word' id='word_1_252' title='bbox 298 3518 345 3578; x_wconf 88' lang='lat' dir='ltr'>sal</span> <span class='ocrx_word' id='word_1_253' title='bbox 362 3519 404 3579; x_wconf 92' lang='lat' dir='ltr'>ibi</span> <span class='ocrx_word' id='word_1_254' title='bbox 420 3523 570 3597; x_wconf 89' lang='lat' dir='ltr'>paratum</span> <span class='ocrx_word' id='word_1_255' title='bbox 587 3518 757 3578; x_wconf 88' lang='lat' dir='ltr'>candidius</span> <span class='ocrx_word' id='word_1_256' title='bbox 773 3535 846 3578; x_wconf 90' lang='lat' dir='ltr'>esse</span> <span class='ocrx_word' id='word_1_257' title='bbox 864 3520 933 3578; x_wconf 89' lang='lat' dir='ltr'>sale</span> <span class='ocrx_word' id='word_1_258' title='bbox 950 3519 1033 3579; x_wconf 87' lang='lat' dir='ltr'>circa</span> <span class='ocrx_word' id='word_1_259' title='bbox 1045 3519 1334 3584; x_wconf 79' lang='lat' dir='ltr'>lllethil³coufecto</span> <span class='ocrx_word' id='word_1_260' title='bbox 1348 3522 1443 3596; x_wconf 91' lang='lat' dir='ltr'>solet,</span> 
     </span>
     <span class='ocr_line' id='line_1_29' title="bbox 299 3618 1301 3697; baseline -0.001 -20"><span class='ocrx_word' id='word_1_261' title='bbox 299 3618 357 3679; x_wconf 89' lang='lat' dir='ltr'>sed</span> <span class='ocrx_word' id='word_1_262' title='bbox 374 3635 478 3697; x_wconf 85' lang='lat' dir='ltr'>usque</span> <span class='ocrx_word' id='word_1_263' title='bbox 495 3626 606 3680; x_wconf 89' lang='lat' dir='ltr'>tamen</span> <span class='ocrx_word' id='word_1_264' title='bbox 623 3619 773 3680; x_wconf 86' lang='lat' dir='ltr'>debilius.</span> <span class='ocrx_word' id='word_1_265' title='bbox 1298 3634 1301 3640; x_wconf 91' lang='lat'><em>·</em></span> 
     </span>
    </p>
   </div>
   <div class='ocr_carea' id='block_1_3' title="bbox 842 3854 908 3916">
    <p class='ocr_par' dir='ltr' id='par_1_6' title="bbox 842 3854 908 3916">
     <span class='ocr_line' id='line_1_30' title="bbox 842 3854 908 3916; baseline 0.03 -2"><span class='ocrx_word' id='word_1_266' title='bbox 842 3854 908 3916; x_wconf 87' lang='lat' dir='ltr'>XX.</span> 
     </span>
    </p>
   </div>
   <div class='ocr_carea' id='block_1_4' title="bbox 319 3978 1386 4201">
    <p class='ocr_par' dir='ltr' id='par_1_7' title="bbox 319 3978 1386 4201">
     <span class='ocr_line' id='line_1_31' title="bbox 319 3978 1386 4098; baseline 0.001 -14"><span class='ocrx_word' id='word_1_267' title='bbox 319 3978 323 3983; x_wconf 36' lang='lat'>⁶</span> <span class='ocrx_word' id='word_1_268' title='bbox 356 4021 537 4084; x_wconf 80' lang='lat' dir='ltr'>coeno</span> <span class='ocrx_word' id='word_1_269' title='bbox 561 4021 678 4083; x_wconf 79' lang='lat' dir='ltr'>saus</span> <span class='ocrx_word' id='word_1_270' title='bbox 703 4020 902 4098; x_wconf 72' lang='lat' dir='ltr'>arnoul</span> <span class='ocrx_word' id='word_1_271' title='bbox 928 4022 1090 4086; x_wconf 77' lang='lat' dir='ltr'>uantur</span> <span class='ocrx_word' id='word_1_272' title='bbox 1118 3987 1322 4087; x_wconf 74' lang='lat' dir='ltr'>sonusve</span> <span class='ocrx_word' id='word_1_273' title='bbox 1347 4025 1386 4095; x_wconf 82' lang='lat' dir='ltr'>nv</span> 
     </span>
     <span class='ocr_line' id='line_1_32' title="bbox 787 4137 1370 4201; baseline 0.009 -1"><span class='ocrx_word' id='word_1_274' title='bbox 787 4137 955 4201; x_wconf 80' lang='lat' dir='ltr'>svaem.</span> <span class='ocrx_word' id='word_1_275' title='bbox 1335 4157 1338 4164; x_wconf 92' lang='lat'>·</span> <span class='ocrx_word' id='word_1_276' title='bbox 1368 4159 1370 4164; x_wconf 29' lang='lat' dir='ltr'>v</span> 
     </span>
    </p>
   </div>
   <div class='ocr_carea' id='block_1_5' title="bbox 296 4324 1459 4608">
    <p class='ocr_par' dir='ltr' id='par_1_8' title="bbox 296 4324 1459 4608">
     <span class='ocr_line' id='line_1_33' title="bbox 340 4324 1444 4405; baseline 0.001 -18"><span class='ocrx_word' id='word_1_277' title='bbox 340 4326 462 4388; x_wconf 88' lang='lat' dir='ltr'>Rustici</span> <span class='ocrx_word' id='word_1_278' title='bbox 478 4327 641 4386; x_wconf 89' lang='lat' dir='ltr'>insulares</span> <span class='ocrx_word' id='word_1_279' title='bbox 657 4326 688 4385; x_wconf 94' lang='lat' dir='ltr'>in</span> <span class='ocrx_word' id='word_1_280' title='bbox 708 4324 848 4386; x_wconf 86' lang='lat' dir='ltr'>Boirusia</span> <span class='ocrx_word' id='word_1_281' title='bbox 865 4345 906 4386; x_wconf 84' lang='lat' dir='ltr'>ex</span> <span class='ocrx_word' id='word_1_282' title='bbox 923 4327 991 4405; x_wconf 90' lang='lat' dir='ltr'>ipsa</span> <span class='ocrx_word' id='word_1_283' title='bbox 1008 4343 1092 4404; x_wconf 90' lang='lat' dir='ltr'>aqua</span> <span class='ocrx_word' id='word_1_284' title='bbox 1110 4327 1233 4387; x_wconf 91' lang='lat' dir='ltr'>marina</span> <span class='ocrx_word' id='word_1_285' title='bbox 1256 4344 1311 4405; x_wconf 86' lang='lat' dir='ltr'>per</span> <span class='ocrx_word' id='word_1_286' title='bbox 1327 4329 1444 4389; x_wconf 85' lang='lat' dir='ltr'>coctio-</span> 
     </span>
     <span class='ocr_line' id='line_1_34' title="bbox 299 4426 1459 4506; baseline 0.002 -20"><span class='ocrx_word' id='word_1_287' title='bbox 299 4427 696 4506; x_wconf 89' lang='lat' dir='ltr'>nemetevaporationem</span> <span class='ocrx_word' id='word_1_288' title='bbox 709 4426 895 4503; x_wconf 83' lang='lat' dir='ltr'>igneamsnl</span> <span class='ocrx_word' id='word_1_289' title='bbox 911 4429 1019 4488; x_wconf 90' lang='lat' dir='ltr'>solent</span> <span class='ocrx_word' id='word_1_290' title='bbox 1032 4428 1218 4502; x_wconf 87' lang='lat' dir='ltr'>extrahere,</span> <span class='ocrx_word' id='word_1_291' title='bbox 1234 4433 1266 4487; x_wconf 92' lang='lat' dir='ltr'>et</span> <span class='ocrx_word' id='word_1_292' title='bbox 1281 4427 1459 4504; x_wconf 64' lang='lat' dir='ltr'>reperiun·,</span> 
     </span>
     <span class='ocr_line' id='line_1_35' title="bbox 296 4526 1442 4608; baseline 0.002 -20"><span class='ocrx_word' id='word_1_293' title='bbox 296 4527 396 4588; x_wconf 91' lang='lat' dir='ltr'>turin</span> <span class='ocrx_word' id='word_1_294' title='bbox 412 4527 590 4608; x_wconf 85' lang='lat' dir='ltr'>provinciae</span> <span class='ocrx_word' id='word_1_295' title='bbox 606 4528 689 4591; x_wconf 89' lang='lat' dir='ltr'>illius</span> <span class='ocrx_word' id='word_1_296' title='bbox 705 4526 820 4594; x_wconf 89' lang='lat' dir='ltr'>insulis</span> <span class='ocrx_word' id='word_1_297' title='bbox 841 4541 880 4608; x_wconf 79' lang='lat'>2]</span> <span class='ocrx_word' id='word_1_298' title='bbox 904 4527 1020 4591; x_wconf 92' lang='lat' dir='ltr'>domus</span> <span class='ocrx_word' id='word_1_299' title='bbox 1043 4526 1170 4604; x_wconf 83' lang='lat' dir='ltr'>exiguae</span> <span class='ocrx_word' id='word_1_300' title='bbox 1193 4527 1442 4604; x_wconf 81' lang='lat' dir='ltr'>evaporatoriae.</span> 
     </span>
    </p>
   </div>
   <div class='ocr_carea' id='block_1_6' title="bbox 0 0 1766 5314">
    <p class='ocr_par' dir='ltr' id='par_1_9' title="bbox 0 0 1766 5314">
     <span class='ocr_line' id='line_1_36' title="bbox 0 0 1766 5314; baseline 0 0"><span class='ocrx_word' id='word_1_301' title='bbox 0 0 1766 5314; x_wconf 95' lang='lat' dir='ltr'> </span> 
     </span>
    </p>
   </div>
  </div>
 </body>
</html>
