3442 5302
251 660 309 724 130
611 651 679 715 DE
702 653 827 716 SALE
852 651 1092 718 COMMUNI

245 835 427 899 lothonum
451 835 484 899 in
508 835 607 912 libra;
636 838 698 900 sed
718 836 950 900 diversissima
968 857 1076 914 usque
1099 846 1256 915 apparet,
1275 837 1450 902 interdum

245 935 442 1000 dulcissima
458 957 549 1013 aqua
565 936 599 998 in
615 936 797 1013 superficie
813 946 876 1010 est,
893 936 1065 1002 interdurn
1079 937 1277 1014 salsissima,
1294 947 1328 1002 et
1340 939 1452 1002 variat

246 1034 383 1099 salsedo
408 1036 602 1114 superficiei
629 1046 664 1100 et
686 1036 781 1100 fundi
804 1037 994 1100 secundum
1017 1045 1261 1115 tempestates;
1291 1045 1451 1114 tempore

246 1134 397 1212 hyemali
427 1136 572 1200 fundum
602 1135 690 1213 petit
716 1135 781 1212 sal,
815 1135 915 1200 aliter
944 1136 1074 1213 aestivo,
1108 1138 1169 1201 sed
1200 1159 1308 1214 usque
1332 1145 1451 1201 tamen

246 1244 405 1312 tempore
418 1235 561 1311 aestivo,
577 1257 654 1300 cum
668 1236 752 1300 certi
766 1236 906 1313 quidam
919 1236 1013 1302 venti
1026 1237 1122 1312 flant,
1139 1259 1233 1301 mare
1246 1259 1310 1302 nec
1322 1237 1451 1301 salsum

246 1336 433 1399 admodum
456 1344 603 1413 apparet
626 1336 660 1399 in
683 1336 876 1412 superficie,
898 1357 962 1400 nec
985 1335 1131 1400 multum
1155 1337 1189 1400 in
1212 1337 1330 1413 fundo,
1358 1338 1449 1402 unde

247 1435 456 1500 frustrantur
471 1456 563 1514 saepe
579 1445 745 1500 coctores.

286 1538 315 1598 8.
344 1537 442 1612 Aqua
472 1535 594 1598 salsior
619 1536 692 1599 dari
719 1536 849 1613 nequit,
881 1557 985 1612 quarn
1016 1545 1052 1600 ut
1082 1535 1169 1600 libra
1199 1536 1377 1601 contineat
1409 1541 1448 1600 11

248 1633 409 1699 lothones
432 1635 523 1711 salis
544 1635 608 1699 nisi
632 1657 723 1713 aqua
749 1657 810 1713 per
830 1635 981 1700 calorem
1006 1636 1127 1714 majori
1143 1636 1255 1701 adhuc
1271 1637 1372 1714 copia
1389 1637 1453 1701 im·

208 1735 212 1742 “
246 1744 452 1811 praegnetur,
472 1738 532 1802 sed
555 1757 663 1812 usque
686 1757 765 1798 mox
788 1743 825 1799 ut
848 1735 1079 1812 refrigeratur,
1099 1736 1252 1802 demittit
1275 1737 1449 1801 residuam

247 1845 382 1912 partem
398 1836 480 1900 salis
495 1836 600 1900 soluti
615 1837 659 1901 ad
675 1837 830 1900 fundum.

288 1937 367 2012 Quo
393 1939 503 2014 major
526 1935 620 2001 calor
643 1937 678 2000 in
703 1936 788 2000 mari
813 1946 876 2008 est.
896 1939 1006 2014 major
1030 1937 1135 2002 etiam
1152 1937 1278 2002 dicitur
1294 1959 1370 2002 esse
1385 1937 1453 2003 sal-

245 2037 338 2111 sedo,
358 2038 446 2100 adeo
468 2045 506 2100 ut
529 2059 598 2115 quo
614 2036 757 2101 calidior
772 2038 844 2114 ejus
867 2036 1008 2114 originis
1031 2037 1127 2102 locus
1142 2037 1195 2108 sit.
1216 2059 1258 2101 eo
1274 2038 1386 2102 acrior
1400 2038 1452 2102 sal

246 2137 413 2220 generari,
446 2158 585 2215 quoque
623 2137 849 2216 propinquior
886 2138 1053 2214 aequatori
1084 2159 1125 2201 eo
1162 2137 1340 2202 salsiorem
1376 2159 1451 2202 esse

245 2258 382 2313 aquam.
428 2237 548 2301 Refert
572 2237 676 2301 etiam
695 2237 841 2301 Baccius
857 2239 951 2313 quod
965 2249 1124 2314 tempore
1148 2238 1305 2302 autumni
1328 2237 1452 2302 salsior

246 2337 290 2401 sit
314 2358 405 2413 aqua
429 2337 572 2411 marina,
593 2359 697 2414 quam
719 2346 878 2414 tempore
901 2336 1062 2415 hyemali.
1120 2338 1227 2401 Terra
1251 2336 1356 2401 etiam
1374 2359 1451 2415 quae

244 2437 279 2500 in
305 2435 526 2501 calidioribus
550 2437 747 2513 regionibus
771 2437 951 2514 reperitur,
978 2437 1147 2514 imprimis
1171 2438 1260 2502 intra
1282 2437 1447 2514 tropicos

246 2535 323 2614 plus
345 2536 425 2600 salis
448 2537 641 2601 communis
657 2537 835 2601 continere
851 2537 976 2602 dicitur
991 2558 1095 2614 quam
1112 2545 1203 2602 terra
1219 2537 1254 2601 in
1270 2537 1338 2600 oris
1354 2538 1453 2601 bore·

246 2636 366 2712 alibuS,
386 2637 492 2700 Teste
510 2639 590 2700 Dno
607 2637 747 2701 Hierne.

289 2738 378 2800 Sunt
402 2737 507 2801 etiam
534 2759 633 2814 aquae
658 2737 798 2800 marinae
822 2737 1042 2800 crassissimae
1064 2747 1099 2801 et
1123 2737 1277 2814 pingues.
1300 2739 1388 2801 adeo
1412 2746 1449 2800 ut

246 2846 361 2900 vestes
376 2847 411 2901 et
427 2837 618 2900 linamenta
633 2837 888 2901 commaculent
904 2859 973 2900 non
989 2836 1142 2901 abluant.
1174 2821 1347 2902 'Baccius

289 2936 347 3000 Sal
377 2937 494 3013 ignitis
520 2937 727 3001 carbonibus
752 2938 918 3014 injectum
944 2957 1064 3001 eorum
1090 2937 1206 3013 ignem
1233 2959 1303 3002 non
1326 2959 1448 3012 parum

243 3039 404 3113 adauget,
425 3038 473 3101 ita
496 3047 532 3101 ut
555 3037 583 3101 is
606 3037 704 3114 quasi
729 3037 810 3100 folle
833 3037 985 3100 admisso
1005 3037 1187 3101 animetur.
1236 3037 1450 3101 Sublimatur

244 3137 351 3201 etiam
381 3137 432 3200 sal
461 3137 668 3201 carbonibus
698 3136 783 3200 vivis
813 3137 978 3214 injectum
1008 3137 1043 3200 in
1069 3137 1201 3200 furnum
1228 3136 1355 3212 album,
1376 3135 1445 3214 qui,

245 3237 357 3302 solido
383 3258 528 3315 corpore
553 3244 718 3314 exceptus
742 3247 775 3301 et
799 3235 974 3326 collectus,
994 3237 1122 3300 salsum
1145 3236 1447 3315 saporem'refert.

246 3337 489 3401 Hoffmannus

769 3521 932 3583 XLVlll.

517 3722 733 3786 areunae
757 3691 890 3809 sarrs
915 3721 1180 3787 counimus.

288 3927 317 3988 9.
345 3922 532 4000 Chrystalli
555 3924 741 3988 admodum
758 3923 930 4002 differunt,
950 3930 985 3986 et
1001 3923 1110 3987 oritur
1125 3923 1318 3989 differentia
1334 3924 1392 3988 illa
1410 3947 1451 3988 ex

246 4025 450 4105 operatione
474 4024 566 4089 circa
582 4023 932 4101 chrystallisationem
949 4025 1144 4103 differente3
1168 4047 1208 4089 ex
1224 4025 1319 4092 lenta
1335 4026 1452 4103 chrys-

246 4125 461 4191 tallisatione
487 4123 611 4189 dicitur
637 4123 815 4188 nitidiores
837 4125 910 4188 fieri
932 4124 1147 4201 chrystallos,
1167 4147 1209 4189 ex
1231 4126 1350 4194 subita·
1367 4148 1450 4190 vero

247 4225 470 4300 confusioreS,
491 4234 528 4289 ut
545 4232 579 4288 et
596 4245 720 4302 parvas
737 4233 771 4288 et
788 4225 962 4288 informes,

289 4328 343 4398 Ex
368 4325 463 4391 lenta
490 4324 710 4389 exhalatione
738 4325 947 4400 obtinentur,
968 4333 1004 4388 ut
1031 4325 1161 4389 dictum
1189 4335 1251 4403 est,
1271 4326 1450 4404 chrystalli
