3524 5314
340 769 377 834 50
721 756 778 818 ne
799 756 906 820 sare
928 755 1144 821 conmuni

335 944 396 1002 bus
412 941 443 1001 in
460 940 531 1002 aliis
547 941 735 1019 provinciis.
782 939 923 1000 Maxima
953 959 1029 1020 pars
1059 940 1197 1002 fontium
1226 944 1278 1002 vel
1309 948 1480 1022 puteorum

334 1041 589 1121 profunditatem
607 1041 733 1100 habent
748 1041 810 1102 260
825 1042 864 1101 ad
879 1056 938 1118 300
953 1043 1072 1120 pedum
1087 1041 1310 1118 Suecicorum,
1324 1041 1482 1104 effodiun-

335 1149 451 1220 turque
469 1142 508 1201 ad
524 1142 611 1206 illam
629 1140 885 1221 profunditatem
911 1143 1013 1203 multo
1043 1144 1165 1215 labore,
1188 1144 1344 1222 impensis
1360 1149 1393 1204 et
1409 1144 1483 1204 arti·

334 1241 421 1320 frcio;
445 1247 479 1303 et
495 1242 675 1302 mirandum
703 1249 755 1301 est
781 1242 865 1319 quod
890 1240 1000 1303 fontes
1027 1244 1213 1304 habeantur
1239 1241 1482 1323 profundissimi

334 1345 394 1405 sub
412 1343 489 1423 ipsis
504 1343 690 1420 paludibus,
709 1346 743 1401 et
759 1343 865 1402 adhuc
883 1343 985 1421 magis
1001 1344 1032 1403 in
1049 1344 1118 1422 ipso
1133 1343 1268 1405 flumine
1286 1344 1399 1419 Kama,
1419 1361 1481 1404 non

333 1445 427 1506 aliter
443 1461 480 1504 ac
497 1443 528 1504 in
545 1448 632 1503 terra
649 1442 747 1517 sicca,
767 1459 825 1502 nec
838 1445 967 1520 guttula
978 1461 1072 1520 aquae
1087 1443 1230 1505 fluvialis
1241 1445 1482 1505 intermiscetur

333 1563 406 1604 cum
423 1544 541 1619 salina;
564 1543 621 1602 sed
639 1542 678 1602 de
695 1543 745 1602 his
761 1543 890 1622 copiose
906 1545 967 1604 sub
983 1543 1082 1604 finem
1100 1545 1292 1624 paragraphi
1308 1545 1419 1624 hujus

375 1645 461 1706 Vasa
477 1643 705 1722 evaporatoria
720 1641 808 1703 facta
824 1649 902 1704 sunt
918 1660 958 1703 ex
972 1643 1238 1721 laminisferreis,
1256 1650 1398 1722 suntque
1415 1646 1481 1705 lon-

332 1746 477 1824 gitudine
497 1744 534 1804 16
549 1744 679 1823 pedum,
698 1741 874 1809 latitudine
894 1759 941 1806 10.
989 1743 1120 1806 Camini
1152 1763 1215 1806 non
1241 1751 1277 1806 ut
1293 1745 1482 1806 Germaniae

333 1850 548 1906 exstruuntur
575 1843 656 1904 adeo
673 1849 709 1903 ut
735 1844 915 1922 parietibus
941 1851 975 1905 et
991 1846 1092 1906 muris
1118 1851 1273 1925 aptentur
1299 1863 1392 1921 vasa,
1423 1846 1480 1906 sed

332 1964 392 2007 vas
410 1962 509 2025 prope
533 1952 654 2005 terram
673 1945 852 2022 reponitur,
876 1946 1034 2025 subjectis
1056 1947 1220 2022 aliquibus
1244 1946 1334 2006 saxis
1362 1947 1481 2023 quibus

331 2046 476 2108 fulcitur.
522 2047 615 2122 Aqua
643 2062 706 2105 non
732 2045 871 2105 eandem
900 2046 1024 2125 copiam
1048 2047 1125 2106 salis
1141 2047 1286 2125 possidet
1316 2047 1347 2107 in
1364 2047 1481 2124 quovis

331 2152 430 2226 puteo
448 2148 499 2207 vel
525 2145 629 2220 fonte,
647 2146 705 2205 sed
722 2146 874 2206 diversae
899 2152 950 2206 est
973 2148 1154 2223 qualitatis,
1183 2148 1256 2207 hinc
1288 2164 1348 2206 nec
1374 2147 1480 2206 ubivis

332 2247 390 2308 loci
412 2247 550 2307 eandem
568 2246 787 2322 quantitatem
805 2247 883 2307 salis
900 2263 941 2306 ex
957 2247 1071 2308 eadem
1089 2247 1273 2324 quantitate
1290 2264 1385 2324 aquae
1401 2248 1481 2308 obli-

332 2353 429 2424 nent;
453 2347 616 2424 aliquibus
632 2346 663 2406 in
677 2347 754 2407 locis
769 2347 919 2408 obtinere
931 2354 1071 2426 possunt
1086 2363 1147 2424 400
1158 2348 1222 2427 pud
1239 2349 1323 2408 intra
1339 2347 1478 2426 spatium

331 2464 370 2524 24
387 2449 552 2522 horarum,
571 2447 602 2506 in
630 2447 791 2524 aliquibus
807 2447 891 2508 intra
910 2447 948 2524 36
963 2449 1070 2519 horas,
1090 2449 1166 2509 alibi
1179 2465 1257 2509 vero
1274 2448 1359 2508 intra
1374 2449 1426 2523 48,
1446 2452 1480 2508 ut

331 2554 364 2609 et
380 2549 532 2624 intrabo,
551 2552 645 2608 tanta
662 2552 713 2608 est
729 2548 915 2624 diversitas3
932 2546 1117 2609 differentia
1134 2549 1218 2608 enim
1245 2549 1344 2609 oritur
1361 2565 1401 2608 ex
1418 2549 1479 2608 sal-

329 2650 450 2710 sedinis
465 2648 566 2727 gradu
584 2649 615 2708 in
633 2666 718 2726 aqua
734 2648 911 2727 cujuslibet
926 2649 1028 2728 putei.

374 2749 472 2826 Quod
503 2766 582 2810 vero
612 2749 709 2828 ipsos
729 2753 846 2827 puteos
876 2750 998 2810 salinos
1028 2749 1158 2825 attinet,
1189 2767 1271 2827 quos
1306 2747 1477 2823 effodiunt,

331 2852 463 2928 dignum
490 2853 671 2910 memoratu
695 2853 759 2925 est,
777 2849 861 2927 quod
886 2856 1088 2927 cognoscant
1115 2851 1229 2910 incolae
1260 2848 1477 2925 Siberienses,

332 2969 407 3011 num
431 2968 516 3010 vena
547 2966 641 3027 aquae
672 2949 786 3010 salinae
801 2951 979 3029 reperiatur
1009 2951 1040 3011 in
1071 2949 1294 3030 profunditate
1324 2950 1477 3027 quadam.

332 3052 534 3130 Praecipuum
551 3051 613 3110 illis
629 3055 681 3110 est
697 3051 848 3111 indicium
872 3052 955 3128 quod
978 3056 1065 3112 terra
1089 3068 1232 3128 superne
1255 3055 1414 3130 appareat
1428 3067 1480 3110 co·

331 3154 405 3213 loris
422 3151 591 3213 rubicundi
608 3156 665 3211 aut
682 3151 883 3228 nigricantis,
915 3152 1066 3228 quodque
1094 3152 1219 3230 saporis
1235 3151 1277 3211 sit
1302 3151 1425 3226 nitrosi,
1446 3155 1480 3210 et

329 3258 414 3313 terra
431 3255 550 3312 circum
564 3252 648 3312 circa
658 3252 862 3330 paludinosa.
908 3251 951 3312 lbi
962 3253 1100 3312 terebris
1116 3252 1252 3331 experiri
1263 3253 1381 3326 solent,
1400 3268 1476 3310 num

330 3355 444 3414 subter
461 3353 503 3412 sit
518 3353 624 3429 aliqua
642 3369 728 3412 vena
745 3353 861 3414 salina.
898 3351 1042 3413 Terebra
1059 3352 1194 3430 primum
1214 3356 1388 3430 usurpatur
1404 3368 1479 3411 con·

213 3439 220 3444 ”
327 3453 1090 3530 structionisvulgaris,scilicetquaesubtersit
1103 3453 1283 3532 spirali8,et
1296 3468 1479 3530 repraesen-

329 3559 418 3615 tatur
441 3553 510 3614 litt:
534 3554 573 3614 Α.
598 3553 643 3612 Ex
665 3551 751 3614 ferro
772 3551 932 3615 factaest
954 3553 1156 3630 longitudine
1181 3569 1193 3612 1
1214 3553 1300 3612 ulnae
1322 3556 1356 3611 et
1371 3551 1477 3612 latitu-

330 3655 405 3715 dine
422 3669 439 3713 2
458 3655 510 3714 vel
530 3669 545 3730 3
562 3653 733 3732 pollicum;
750 3653 959 3732 conjungitur
975 3670 1048 3712 cum
1067 3653 1152 3731 ligno
1166 3652 1306 3730 quodam
1324 3652 1355 3711 in
1368 3652 1477 3712 altitu-

329 3755 438 3815 dinem
461 3758 620 3833 porrecto,
645 3755 705 3814 hoc
729 3754 830 3831 magis
852 3759 885 3814 et
907 3754 1009 3831 magis
1035 3754 1215 3814 secundum
1244 3752 1475 3812 necessitatem

329 3855 510 3934 prolongari
528 3859 636 3933 potest
660 3854 867 3930 inquantum
885 3871 1003 3914 versus
1019 3852 1227 3932 profundiora
1245 3851 1342 3914 ituri.
1389 3850 1475 3912 Cum

329 3957 389 4016 hac
412 3955 592 4015 instituitur
614 3955 751 4033 primum
775 3955 963 4029 terebrati0,
981 3955 1105 4014 scilicet
1121 3958 1157 4013 ut
1172 3953 1382 4032 experiantur
1400 3969 1475 4012 num

328 4061 415 4116 terra
432 4057 483 4116 vel
502 4073 586 4132 aqua
603 4072 721 4115 versus
738 4054 946 4140 profundiora
963 4055 1077 4114 salsior
1094 4055 1136 4114 sit
1152 4055 1204 4113 vel
1224 4070 1301 4114 non.

372 4156 457 4218 Usus
468 4156 565 4215 etiam
584 4156 657 4235 ejus
673 4161 737 4231 est,
756 4160 790 4215 ut
806 4156 932 4233 aperiat
948 4155 1033 4215 viam
1058 4155 1188 4231 reliquis
1203 4156 1406 4214 terebrarum
1423 4169 1475 4230 ge·

329 4257 472 4332 neribus,
490 4273 575 4332 quae
597 4254 724 4316 facilius
740 4256 784 4315 sic
810 4255 935 4315 demitti
951 4259 1101 4334 possunt.
1128 4252 1214 4315 Cum
1243 4254 1328 4314 enim
1346 4255 1476 4340 terebra

327 4357 408 4416 haec
425 4357 626 4434 aliquantum
644 4361 696 4416 est
711 4355 867 4431 demissa,
884 4357 947 4416 alio
959 4356 1032 4416 dein
1049 4371 1169 4433 genere
1186 4359 1336 4429 utuntur,
1354 4353 1477 4414 scilicet

359 4505 414 4572 *[E
434 4505 579 4572 margine]
602 4505 644 4560 De
662 4508 774 4560 terebris
794 4505 1031 4572 Metalloscoplcts,
1050 4505 1114 4559 vide
1134 4505 1267 4568 Lehman,
1292 4508 1362 4576 ‘Rerg
1382 4506 1476 4558 Bolrrer

328 4573 395 4628 turnl
408 4575 606 4630 dilineationem
621 4575 737 4628 illarum.
945 4590 947 4593 ’
