3442 5302
538 719 545 731 Ι
645 639 1123 704 basanbrunnum

849 926 921 988 LV.

407 1093 719 1157 REAGENTIAE
744 1093 914 1156 SICCAE
938 1093 1071 1156 SALIS
1096 1093 1362 1159 COMMUNIS.

326 1260 385 1324 Sal
409 1260 532 1335 lusum,
560 1260 637 1324 oleo
664 1261 814 1336 quodam
839 1280 1001 1337 expresso
1024 1260 1167 1323 mixtum
1193 1269 1227 1324 et
1251 1260 1486 1326 destillatione

283 1363 506 1435 abstractum,
526 1360 640 1424 oleum
664 1359 821 1437 petreolo
837 1360 1076 1437 penetrantius
1092 1361 1260 1437 producit,
1281 1363 1374 1437 quod
1389 1383 1486 1439 repe-

282 1461 348 1524 tita
362 1459 597 1524 destillatione
612 1459 792 1538 limpidum
809 1459 935 1532 evadit,
954 1459 1079 1524 deinde
1095 1482 1115 1523 a
1131 1459 1202 1523 sale
1218 1460 1339 1525 tartari
1355 1471 1486 1526 extrac-

282 1570 357 1625 tum
372 1560 511 1638 saepius
526 1561 560 1623 in
576 1582 702 1637 aquam
719 1562 899 1626 ardentem
916 1562 1114 1637 degenerat.

327 1661 362 1724 Si
385 1661 504 1725 fluenti
526 1660 588 1724 sali
613 1670 710 1737 gutta
734 1662 837 1724 modo
861 1682 973 1737 aquae
997 1661 1137 1737 incidat,
1164 1661 1411 1739 displosionem
1436 1661 1487 1725 in-

283 1761 426 1837 signem,
445 1763 648 1826 damnosam
672 1761 846 1838 operatori
870 1761 1030 1837 minatur,
1058 1771 1091 1826 et
1115 1783 1220 1839 saepe
1247 1763 1360 1826 fusum
1376 1761 1484 1826 salem

283 1860 362 1925 inde
385 1861 549 1938 propellit
575 1861 610 1924 in
627 1861 788 1937 parietes
808 1861 864 1925 ubi
881 1861 990 1925 instar
1005 1860 1093 1938 ignis
1108 1861 1334 1926 scintillarum
1350 1862 1482 1927 haeret.

322 1961 380 2025 Sal
404 1961 474 2038 igni
499 1961 701 2025 carbonario
726 1961 890 2038 injectum
912 1961 1028 2038 ignem
1055 1962 1208 2038 suscitat,
1242 1958 1308 2036 [et]
1340 1962 1485 2039 instigat

282 2063 326 2125 ad
354 2061 529 2125 flammam
559 2081 677 2137 nsque,
727 2059 919 2138 Crepatura
948 2071 1107 2126 cessante
1137 2083 1212 2126 sese
1243 2061 1484 2126 inflammabili

282 2163 470 2225 carbonum
487 2161 701 2224 substantiae
716 2160 882 2238 adjungit,
898 2169 1005 2238 atque
1021 2183 1061 2225 ex
1077 2162 1153 2238 ipso
1168 2161 1202 2225 in
1219 2161 1392 2226 volatilius
1408 2183 1486 2239 par-

282 2261 345 2325 tim
368 2262 566 2337 degenerat,
585 2282 645 2325 seu
668 2261 770 2324 flores
787 2261 945 2338 producit
961 2261 1068 2325 albos,
1117 2261 1302 2338 Reliquum
1318 2282 1396 2326 cum
1412 2283 1484 2326 car-

283 2360 429 2425 bonibus
444 2361 528 2438 ipsis
543 2361 749 2426 alcalisatur.

321 2461 380 2524 Sal
416 2475 599 2524 commune
628 2483 706 2526 curn
737 2459 868 2526 borace,
891 2461 1004 2525 iusum
1035 2461 1175 2525 minime
1205 2471 1355 2538 spumat,
1391 2463 1484 2539 quod

282 2570 493 2625 tamencum
509 2559 585 2624 aliis
600 2561 735 2624 intense
751 2561 843 2625 lacit.

325 2661 471 2725 Rubedo
492 2660 646 2739 sulphuri
670 2661 879 2738 imprimitur
901 2683 921 2724 a
946 2661 1017 2724 sale
1040 2661 1118 2737 igne
1133 2661 1263 2725 fusorio
1279 2661 1344 2739 ipsi
1361 2661 1483 2725 mixto:

282 2771 317 2825 et
333 2763 523 2826 n'otandum
540 2762 633 2838 quod
648 2783 689 2824 ex
704 2760 769 2824 hac
785 2761 925 2825 miscela
940 2761 1132 2838 reperiatur
1147 2761 1271 2825 micula
1287 2761 1370 2835 auri,
1391 2763 1484 2838 quod

282 2862 310 2924 si
325 2861 404 2925 huic
420 2862 588 2925 mixturae
604 2861 745 2938 paulum
761 2860 864 2924 calcis
879 2861 1011 2924 saturni
1027 2861 1217 2925 admixtum
1234 2861 1277 2926 sit
1294 2871 1399 2938 atque
1416 2862 1483 2926 ista

283 2983 345 3038 per
365 2961 535 3025 lusionem
552 2961 586 3024 in
602 2981 727 3039 corpus
742 2960 930 3037 colliquata
946 2982 986 3025 ac
1003 2983 1065 3038 per
1078 2960 1251 3038 cupellam
1268 2963 1410 3026 reducta
1425 2962 1479 3037 sit,

282 3061 461 3137 granulum
477 3061 550 3125 auri
566 3061 690 3126 dicitur
705 3060 859 3138 reperiri.

324 3160 433 3226 Wilh:
456 3160 619 3238 Lithgou,
638 3161 778 3237 Anglus,
797 3161 903 3224 refert
919 3162 961 3224 de
988 3161 1060 3224 sale
1087 3162 1236 3238 quodam
1264 3161 1413 3226 aurifero
1438 3163 1484 3228 ad

281 3261 527 3339 Trapundiam,
555 3261 693 3324 Siciliae
716 3263 846 3336 urbem,
866 3261 1088 3338 inspissatum
1111 3260 1226 3324 calore
1249 3261 1339 3337 saliS,
1359 3261 1485 3326 coloris

280 3361 392 3426 rubini
408 3371 466 3426 aut
482 3361 700 3425 coralliorum
716 3363 896 3425 rubrorum
913 3360 1109 3438 splendens.

324 3462 517 3526 Glauberus
541 3463 642 3526 docet
667 3463 807 3525 modum
833 3461 1035 3524 extrahendi
1051 3482 1171 3524 aurum
1188 3461 1316 3526 exsule
1333 3463 1477 3528 marino.

282 3562 440 3625 Ahenum
464 3561 519 3624 vel
541 3583 602 3624 vas
624 3583 789 3639 cupreum
813 3560 989 3638 repleatur
1010 3582 1101 3637 aqua
1118 3560 1260 3636 marina,
1281 3571 1315 3625 et
1331 3561 1415 3626 inibi
1431 3562 1482 3625 in-

281 3664 446 3727 fundatur
460 3661 712 3738 aliquantulum
730 3660 861 3738 plumbi
878 3660 991 3735 soluti,
1012 3661 1105 3737 quod
1120 3661 1239 3725 statim
1255 3662 1290 3725 in
1304 3661 1481 3738 pulverem

280 3762 396 3826 album
421 3761 683 3838 praecipitatur;
714 3784 804 3839 aqua
829 3761 863 3824 in
888 3782 969 3824 vase
993 3771 1028 3824 et
1050 3761 1177 3825 solutio
1199 3763 1325 3839 jugiter
1339 3762 1484 3826 circum-

280 3863 443 3939 agitanda
469 3871 531 3939 est,
551 3863 641 3926 unde
666 3884 786 3926 aurum
811 3861 954 3926 volatile
979 3861 1137 3925 inhaeret
1162 3861 1294 3938 pulveri
1318 3862 1482 3939 plumbeo

281 3972 315 4027 et
338 3985 405 4026 una
429 3958 689 4040 praecipitatur²
710 3963 754 4026 ad
770 3962 927 4038 lundum;
952 3960 1063 4038 pulvis
1079 3962 1158 4025 dein
1175 3983 1265 4038 aqua
1282 3961 1483 4026 edulcoran·

279 4064 342 4127 dus
367 4073 419 4126 est
445 4071 479 4126 et
504 4083 624 4126 aurum
643 4061 722 4126 inde
739 4062 930 4139 perignem
948 4060 1188 4125 extrahendus
1238 4063 1333 4126 Loco
1350 4060 1482 4139 plumbi

280 4163 314 4226 in
331 4184 428 4228 usum
444 4162 561 4226 vocari
578 4171 693 4238 potest
709 4170 901 4238 argentum.

323 4264 359 4326 Si
388 4264 462 4328 auri
492 4263 706 4341 pigmentum
736 4263 864 4326 flavum
891 4261 1094 4326 sublimetur
1120 4283 1182 4339 per
1207 4261 1257 4325 sal
1283 4283 1478 4340 commune,

279 4363 457 4427 obtinetur
471 4363 551 4428 inde
566 4362 760 4427 arsenicum
776 4362 893 4426 album
910 4371 944 4426 et
961 4361 1180 4439 pellucidum.
