3442 5302
604 1175 969 1276 cornuorum

231 1369 421 1444 Postquam
447 1367 580 1444 paginae
599 1370 679 1431 1-16
697 1367 786 1445 typis
802 1367 978 1444 impressae
994 1376 1085 1441 sunt,
1105 1367 1291 1445 exemplari
1309 1388 1386 1432 nos-

187 1477 242 1532 tro
267 1468 300 1530 in
322 1466 486 1530 Sueciam
513 1467 656 1531 remisso
681 1476 715 1530 et
739 1467 785 1531 ibi
808 1489 886 1532 cum
909 1467 1128 1544 autographo
1143 1469 1188 1532 ab
1202 1467 1320 1532 Allred
1337 1471 1381 1533 H.

189 1567 294 1632 Stroh
320 1566 505 1642 diligenter
529 1578 743 1645 comparato
764 1585 896 1631 errores
917 1566 1024 1644 aliqui
1048 1567 1180 1632 inventi
1203 1579 1283 1631 sunt
1298 1589 1386 1645 quos

187 1667 278 1731 inter
292 1667 360 1730 alia
375 1667 464 1729 intra
480 1677 651 1732 notamus

237 1843 251 1878 2
304 1829 322 1878 l.
334 1827 359 1944 ῗί,
371 1827 436 1890 lege
449 1827 598 1891 quandum
606 1842 658 1892 pro
667 1842 756 1893 quon-

357 1909 414 1944 am.

237 1977 252 2027 3
305 1961 324 2013 l.
358 1974 398 2021 12,
437 1975 489 2025 pro
530 1958 615 2010 salini
656 1961 754 2024 soluti,

339 2026 460 2092 legerim
471 2027 659 2086 salissaluti;
678 2029 697 2078 1.
714 2044 754 2092 29,
773 2083 774 2086 ,

338 2095 404 2159 lege
416 2095 518 2156 ahena,
532 2096 719 2158 proaheuea².

237 2176 254 2225 4
305 2161 325 2212 1.
339 2161 364 2223 6,
379 2177 430 2226 pro
448 2165 519 2223 tum,
534 2160 656 2226 legerim
674 2164 755 2222 tunm

338 2228 357 2280 1.
382 2241 425 2290 20,
450 2228 516 2293 lege
546 2227 674 2292 guediue
705 2244 756 2293 pro

338 2294 479 2359 quedine;
527 2295 636 2360 pingue
683 2310 757 2360 pro

333 2361 458 2427 pinque,·
479 2362 498 2411 1.
520 2374 561 2421 21,
575 2361 755 2426 pinguedine

147 2491 149 2494 Ι
338 2443 389 2493 pro
402 2427 591 2494 pinquedine.

238 2508 252 2558 5
305 2495 323 2546 1.
345 2496 369 2557 6,
392 2494 476 2557 infra,
490 2496 555 2559 lege
577 2494 709 2557 subsidit,
725 2500 757 2546 ut

338 2561 370 2611 in
398 2564 579 2627 autographo
611 2577 663 2628 pro
691 2561 757 2613 sub·

338 2627 420 2679 sidet.

237 2707 252 2758 7
305 2696 325 2746 1.
338 2709 353 2745 2
367 2700 397 2745 et
409 2709 451 2756 22,
465 2695 553 2760 prius,
569 2694 644 2746 utin
656 2701 753 2761 autog.

338 2777 390 2827 pro
397 2762 545 2826 primum.

237 2845 253 2894 9
305 2831 340 2879 In
377 2829 497 2895 primam
521 2829 642 2894 figuram
670 2830 755 2893 infra,

338 2895 432 2946 insere
445 2897 532 2947 verba
547 2897 579 2947 G.
593 2896 754 2960 Biurman,

338 2963 383 3014 Sc.
404 2963 521 3014 Ultuna.

224 3044 253 3079 ro
305 3030 324 3081 l.
347 3043 371 3090 2,
392 3029 475 3091 infra,
499 3029 655 3090 sufficiunt,
675 3029 756 3080 utin

337 3101 432 3158 autog.
449 3112 500 3161 pro
512 3096 703 3147 sufficiuntur.

223 3177 250 3212 11
304 3165 322 3214 l.
345 3179 368 3224 2,
383 3162 492 3214 bilanci
508 3163 556 3212 vel
574 3163 660 3224 vecti,
676 3169 708 3213 ut
725 3162 756 3212 in

337 3235 434 3294 autog.
469 3246 521 3295 pro
562 3229 673 3291 bilance
713 3231 758 3280 vel

340 3299 426 3356 vectu·
445 3297 463 3347 1.
481 3309 520 3359 14,
532 3296 598 3346 litas
616 3312 667 3362 pro
686 3296 755 3356 itas,-

339 3365 356 3413 1.
374 3378 385 3412 1
406 3363 489 3425 infra,
505 3362 686 3415 oeconomico
704 3378 756 3428 pro

338 3431 532 3489 ceconomic0‚·
588 3430 756 3494 exemplum

338 3513 418 3548 nunc
441 3513 534 3549 oecon.
561 3513 640 3548 nunc
662 3512 752 3547 aecon.

339 3565 450 3615 habet
486 3565 548 3615 sed
584 3565 754 3628 plerumque

339 3647 444 3694 oecon,
459 3638 492 3681 ut
511 3631 589 3696 apud
610 3647 663 3680 nos
684 3646 755 3680 sem-

338 3713 396 3762 per.

222 3775 253 3826 13
305 3766 322 3814 1.
339 3766 391 3815 ult.
406 3765 472 3815 dele
490 3780 601 3815 comma
619 3770 683 3829 post
701 3763 755 3814 im·

329 3829 492 3962 ssuritates,
524 3836 554 3880 et
588 3846 663 3895 pone
693 3836 756 3896 post

350 3899 422 3948 erat.

223 3974 253 4023 14
305 3965 324 4016 1.
339 3978 381 4025 22,
395 3965 500 4014 formet
511 3980 563 4029 pro
567 3963 696 4027 formul.

223 4042 252 4092 15
304 4032 324 4084 1.
351 4031 377 4092 8,
408 4036 473 4095 post
509 4031 641 4082 acidum:
681 4031 754 4081 adde

343 4098 483 4164 [Halense
514 4097 699 4163 purissimum
726 4102 756 4146 et

337 4163 480 4230 optimum
508 4166 650 4230 saporem]
680 4164 755 4214 utin

968 1825 1116 1877 Kellneris
1136 1843 1222 1892 opere
1246 1829 1325 1894 quod
1338 1829 1386 1881 hic

968 1893 1038 1945 eitnt
1050 1900 1154 1944 noster.

852 1962 882 2011 16
934 1962 953 2013 l.
965 1972 990 2023 7,
1000 1959 1190 2024 Rzaczynski,
1203 1967 1236 2012 ut
1244 1961 1276 2011 in
1284 1967 1382 2026 autog.

967 2043 1042 2093 pro
1073 2027 1257 2092 Rsacfynski.
1306 2030 1324 2079 1.
1356 2029 1383 2090 8,

966 2094 1198 2158 Kunegundum,
1208 2101 1241 2146 ut
1252 2095 1284 2145 in
1296 2098 1385 2146 Rzac-

967 2161 1071 2225 zynski
1079 2177 1130 2226 pro
1140 2161 1165 2213 C
1163 2162 1383 2226 uningundum.

967 2228 985 2278 l.
1000 2245 1025 2293 9,
1040 2230 1168 2289 Connor‚·
1186 2235 1218 2280 ut
1236 2227 1267 2280 in
1284 2235 1382 2295 autog.

967 2309 1018 2360 pro
1048 2296 1171 2348 Caunos.
1218 2296 1236 2346 1.
1272 2296 1302 2346 18
1333 2313 1385 2362 pro

972 2361 1181 2427 Tympsensive,
1227 2363 1386 2428 legerim

967 2428 1112 2494 Tympfen
1125 2428 1197 2480 sive.

852 2507 881 2558 17
934 2497 952 2546 l.
975 2509 1001 2557 2,
1021 2495 1104 2557 inira,
1125 2495 1286 2557 Tarnovici,
1301 2502 1333 2547 ut
1354 2497 1385 2547 in

967 2565 1040 2614 Nov.
1061 2561 1116 2617 Lit.
1138 2567 1208 2612 Mar.
1226 2564 1317 2614 Balth.
1333 2579 1385 2628 pro

973 2629 1128 2680 Tomovici.

851 2711 882 2762 19
934 2697 952 2748 1.
984 2697 1010 2759 8,
1040 2712 1092 2761 pro
1128 2694 1232 2757 stetim,
1264 2696 1386 2761 legerim

966 2763 1102 2822 stratim,·
1120 2761 1151 2812 in
1165 2762 1238 2813 Dict
1254 2763 1290 2813 de
1303 2764 1385 2815 Com-

967 2845 1072 2892 merce,
1097 2845 1135 2879 ex
1158 2845 1216 2895 quo
1245 2829 1293 2880 hic
1316 2831 1386 2881 citat

937 2921 939 2926 ·
968 2902 1073 2958 noster,
1095 2896 1183 2947 verba
1206 2902 1282 2958 sunt,
1306 2899 1386 2948 “Ces

967 2969 1067 3029 quatre
1103 2968 1193 3013 sortes
1217 2963 1252 3013 de
1285 2964 1328 3013 sel
1354 2980 1384 3014 se

968 3035 1104 3081 trouvent
1126 3031 1169 3080 les
1193 3046 1247 3080 uns
1270 3047 1320 3080 sur
1343 3031 1385 3080 les

966 3097 1093 3158 autreS,''
1108 3102 1161 3147 etc.

849 3177 882 3213 20
933 3165 951 3214 l.
974 3176 998 3225 5,
1020 3178 1070 3228 pro
1089 3162 1192 3225 verbis,
1207 3161 1248 3224 in,
1262 3163 1385 3228 legerim

968 3229 1076 3281 verbis:
1095 3229 1140 3280 In.
1161 3230 1179 3279 1.
1195 3243 1227 3292 23
1246 3245 1296 3294 pro
1317 3228 1383 3293 [ter-

968 3296 1037 3360 ram]
1051 3298 1116 3361 lege
1143 3295 1382 3364 [Salisodinam],

968 3363 1043 3414 utin
1058 3363 1242 3414 Hoffmanno
1314 3406 1317 3412 .

849 3432 881 3480 62
934 3431 953 3482 1.
981 3431 1020 3492 18,
1041 3445 1092 3496 pro
1105 3432 1172 3480 1011ς
1297 3430 1381 3560 im]

966 3497 1031 3561 lege
1045 3498 1135 3548 last².
1157 3535 1163 3547 .
1186 3537 1192 3548 .
1218 3495 1294 3560 [last.

849 3565 883 3624 76
933 3564 951 3613 1.
984 3574 1008 3625 7,
1043 3563 1126 3624 infra,
1152 3579 1203 3628 pro
1240 3562 1385 3614 dulciores

966 3630 1088 3694 legerim
1100 3629 1246 3681 dulcioris

849 3707 881 3759 77
933 3697 951 3746 1.
968 3713 1008 3761 29,
1023 3696 1126 3748 Galliis
1138 3713 1189 3762 pro
1204 3695 1308 3748 Galiis.

848 3764 880 3825 87
933 3764 952 3815 l.
966 3765 992 3825 6,
1006 3779 1057 3828 pro
1069 3765 1204 3828 ex—lege
1218 3779 1263 3813 ex.

849 3845 879 3896 91
933 3831 952 3881 l.
991 3831 1042 3881 ult.
1080 3832 1146 3896 lege
1187 3828 1302 3890 brunei,
1333 3843 1384 3893 pro

967 3897 1066 3947 bruue.

835 3977 879 4013 121
933 3964 952 4014 1.
970 3964 1009 4025 18,
1024 3979 1089 4014 cum
1102 3979 1154 4028 pro
1166 3963 1249 4014 euml

834 4041 881 4094 137
933 4026 1385 4148 l.4b,infra,MirabiliproMira-

986 4096 1033 4148 ile.
1075 4117 1078 4126 ·

230 4320 504 4385 Emendationes
525 4321 560 4384 in
583 4319 878 4397 inter-punctione
902 4328 939 4382 ut
974 4329 1007 4384 et
1032 4319 1147 4396 quoad
1182 4317 1300 4381 literas
1323 4317 1382 4381 rni-

187 4420 348 4484 nusculas
363 4430 397 4484 et
415 4419 621 4498 majusculas
636 4441 706 4482 non
723 4419 850 4484 notavi.
