3442 5302
329 663 386 718 128
685 663 752 726 DE
776 663 901 726 SALE
926 663 1165 727 COMMUNI

366 847 396 910 2.
424 845 483 908 Sal
505 845 622 909 fossile
644 855 716 910 tam
733 854 954 923 compactum
967 855 1030 920 est,
1049 846 1137 909 adeo
1154 857 1190 911 ut
1207 861 1272 923 per
1284 845 1399 923 plures
1415 847 1526 910 annos

325 948 388 1010 sub
414 947 471 1010 diu
496 946 615 1010 relicta
641 947 750 1010 frusta
777 955 987 1010 nontamen
1012 967 1119 1022 usque
1142 946 1330 1022 solvantur,
1350 948 1410 1011 sed
1427 946 1525 1024 quasi

323 1046 457 1111 illibata
474 1046 537 1109 nisi
555 1067 616 1124 per
631 1045 856 1110 lambentiam
873 1046 1073 1110 animalium
1090 1046 1210 1110 relicta
1225 1047 1305 1113 sint.

367 1149 395 1210 3.
423 1146 584 1210 Refertur
611 1147 703 1224 quod
729 1147 901 1224 aliquibus
927 1147 961 1209 in
987 1146 1072 1210 locis
1093 1147 1219 1223 integri
1242 1157 1373 1211 tractus
1384 1149 1523 1223 dentur,

325 1247 382 1310 ubi
406 1269 468 1324 per
489 1246 598 1310 solem
621 1246 675 1310 vel
691 1247 840 1310 calorem
858 1248 1031 1324 quendam
1048 1247 1207 1311 diurnum
1222 1246 1426 1311 sublimetur
1441 1247 1491 1311 sal
1508 1270 1526 1312 e

323 1358 425 1422 terra,
446 1348 539 1425 quod
561 1347 701 1424 optimae
725 1357 816 1410 notae
839 1347 893 1420 sit,
913 1348 1026 1423 adque
1049 1347 1239 1411 crassitiem
1256 1347 1348 1410 dorsi
1364 1348 1398 1410 in
1414 1347 1527 1413 cultro

323 1450 414 1526 jacet
438 1468 541 1524 supra
564 1456 691 1510 terram
716 1448 825 1510 instar
848 1447 944 1512 nivis
993 1447 1104 1522 Egeni
1128 1447 1240 1510 solent
1264 1448 1330 1511 hoc
1346 1449 1526 1512 corradere

325 1569 392 1624 ope
415 1547 540 1610 asseris
562 1548 749 1624 cujusdam,
770 1554 804 1610 et
827 1567 1002 1610 corrasum
1019 1546 1152 1610 solvere
1176 1553 1210 1610 et
1234 1548 1268 1610 in
1291 1549 1433 1612 cortinis
1449 1569 1527 1612 eva·

326 1668 463 1724 porare3
493 1656 528 1710 et
551 1647 675 1711 dicitur
697 1646 764 1709 hoc
787 1668 894 1721 genus
914 1647 995 1710 salis
1017 1656 1089 1710 tam
1112 1647 1202 1711 lorte
1226 1669 1300 1710 esse
1325 1657 1360 1711 ut
1383 1647 1526 1725 duplum

324 1756 464 1824 superet
491 1747 541 1810 sal
567 1747 844 1824 Lyneburgicum
869 1746 924 1809 vel
946 1746 1126 1825 Hallense;
1156 1742 1203 1811 at¹
1225 1748 1390 1824 quoniam
1417 1749 1526 1824 glebae

325 1847 578 1924 agglutinatum
607 1849 708 1924 jacet,
735 1868 804 1909 non
835 1846 936 1910 aliter
964 1846 1037 1910 lieri
1064 1856 1180 1924 potest
1207 1847 1289 1924 quin
1316 1848 1420 1912 etiam
1449 1869 1527 1925 pars

324 1948 440 2024 aliqua
472 1943 656 2011 terrestris²
691 1956 839 2010 rastrum
877 1946 960 2010 illud
996 1947 1206 2011 asserculare
1243 1969 1311 2012 una
1348 1957 1526 2026 sequatur;

325 2069 433 2126 usque
457 2056 575 2111 tamen
601 2069 641 2110 ex
666 2069 734 2110 uno
763 2047 877 2112 modio
894 2047 974 2110 salis
990 2047 1227 2124 hujuscemodi
1244 2049 1352 2112 nativi
1368 2048 1526 2112 obtinere

326 2161 470 2226 possunt
488 2141 521 2220 Ἀ
541 2149 693 2211 modium
710 2147 791 2210 salis
807 2147 939 2211 excocti
956 2147 1078 2225 optimi
1095 2156 1129 2211 et
1146 2147 1334 2214 fortissimi.
1374 2148 1526 2213 Elixatio

324 2249 363 2313 fit
387 2249 491 2312 modo
512 2247 630 2320 semel,
650 2248 739 2312 adeo
761 2256 797 2311 ut
822 2248 947 2311 iterata
970 2247 1155 2311 elixatione
1171 2269 1259 2326 opus
1274 2269 1344 2311 non
1360 2249 1522 2326 habeant,

325 2349 469 2413 materia
492 2370 574 2412 vero
601 2348 736 2412 residua
763 2349 839 2424 q'uae
866 2348 1027 2424 reiicitur,
1047 2349 1200 2424 ejusdem
1224 2347 1404 2412 salsedinis
1421 2349 1525 2412 etiam

325 2471 400 2512 esse
416 2450 570 2512 latentur
585 2447 799 2512 collectores.

367 2549 631 2613 Observandum
648 2558 700 2612 est
716 2548 810 2625 quod
825 2559 983 2625 tempore
999 2569 1115 2622 vern0‚
1136 2547 1256 2611 aestivo
1272 2557 1306 2611 et
1321 2547 1523 2626 autumnali,

324 2671 430 2726 quum
460 2648 592 2713 scilicet
620 2656 811 2725 tempestas
842 2658 894 2712 est
923 2647 1044 2723 calida,
1073 2657 1107 2712 et
1134 2648 1279 2711 materia
1309 2647 1395 2712 haec
1418 2648 1527 2712 salina

324 2771 428 2826 supra
450 2758 579 2812 terram
596 2758 647 2812 est
663 2747 848 2811 sublimata
865 2749 1047 2822 arcadem,
1068 2757 1104 2811 ut
1120 2748 1250 2812 dictum
1267 2756 1329 2821 est,
1349 2747 1456 2811 semel
1471 2747 1527 2812 vel

323 2850 448 2913 iterum
475 2849 624 2923 ademta,
652 2869 760 2925 usque
786 2857 914 2922 tamen,
941 2847 1060 2924 elapso
1087 2847 1235 2923 bihorio,
1251 2847 1383 2912 scilieet
1409 2869 1528 2912 secun·
1628 2873 1631 2882 ·

323 2951 404 3014 dum
428 2949 642 3014 caliditatem
665 2949 763 3024 aeris,
780 2969 873 3012 nova
890 2948 1035 3011 materia
1049 2947 1160 3011 salina
1178 2968 1281 3026 super
1297 2949 1444 3011 eandem
1461 2959 1529 3013 ter-

323 3070 397 3114 ram
420 3058 577 3127 apparet,
597 3050 684 3113 adeo
700 3057 736 3112 ut
753 3050 903 3112 candore
930 3049 1080 3125 quodam
1097 3048 1255 3112 videatur
1270 3047 1368 3124 quasi
1384 3056 1477 3112 tecta
1493 3057 1527 3112 et

324 3149 592 3223 circumamicta,
613 3157 646 3212 et
664 3149 729 3212 hoc
744 3147 868 3220 iterum
886 3159 920 3213 et
937 3149 1071 3212 iterum.

367 3250 403 3313 Si
429 3270 511 3312 vero
537 3248 698 3313 effoditur
724 3248 779 3312 hic
805 3257 840 3311 et
866 3248 912 3312 ibi
938 3257 1039 3321 terra,
1067 3247 1146 3312 licet
1173 3256 1309 3312 tantum
1336 3249 1380 3313 ad
1403 3247 1535 3339 palmae¹

324 3349 544 3414 altitudinem
571 3350 626 3412 vel
653 3349 865 3427 profundius.
893 3347 986 3412 nulla
1013 3370 1103 3424 aqua
1133 3347 1223 3412 salsa
1249 3348 1429 3426 reperitur,
1454 3349 1524 3422 sed,

324 3451 418 3527 quod
448 3449 571 3513 mirum
598 3458 660 3526 est,
691 3448 901 3525 dulcissima;
936 3469 1075 3524 quoque
1102 3449 1305 3525 profundius
1335 3448 1369 3511 in
1400 3456 1527 3512 terram

324 3550 417 3614 illam
434 3551 512 3620 itur,
531 3571 573 3613 eo
590 3552 700 3628 major
714 3550 815 3627 copia
831 3571 931 3626 aquae
946 3548 1056 3612 dulcis
1072 3549 1323 3626 suppeditatur.
1372 3550 1528 3612 Effossus

324 3651 358 3714 in
395 3650 588 3715 istiusmodi
624 3649 709 3714 locis
740 3657 791 3714 est
822 3659 947 3726 puteus
976 3649 1323 3738 ard-profunditatem
1354 3651 1394 3712 30
1424 3658 1458 3712 et
1488 3652 1528 3712 40

323 3751 493 3825 ulnarum,
526 3758 748 3814 autumarunt
780 3749 872 3812 enim
902 3770 939 3812 se
965 3769 1072 3813 venas
1094 3748 1222 3813 salinas
1244 3749 1386 3812 tandem
1412 3770 1529 3826 reper-

323 3861 429 3925 turos,
449 3852 510 3914 sed
534 3851 706 3914 incassum
731 3849 906 3914 laborasse
931 3848 993 3912 visi
1018 3858 1108 3923 sunt,
1127 3850 1188 3913 sed
1212 3849 1346 3913 auctior
1368 3850 1459 3913 lacta
1476 3861 1528 3913 est

324 3951 426 4028 copia
443 3973 541 4027 aquae
558 3949 676 4015 dulcis.

368 4053 407 4115 ln
424 4049 554 4115 eisdem
570 4050 654 4114 locis
671 4048 928 4126 progerminare
944 4049 1080 4113 videtur
1095 4048 1202 4112 herba
1218 4048 1318 4125 salsa,
1335 4051 1409 4126 caly
1422 4048 1525 4124 dicta,

325 4173 401 4228 quae
417 4150 562 4228 triplicis
578 4150 713 4226 generis
729 4149 909 4227 reperitur,
930 4170 1105 4225 unumque
1122 4170 1230 4224 genus
1246 4158 1410 4213 constans
1425 4142 1528 4212 foliis⁸

323 4250 554 4326 longiusculis,
581 4249 704 4313 crassis
731 4259 765 4313 et
792 4249 880 4325 latis,
910 4249 971 4312 sed
997 4247 1069 4312 sale
1095 4248 1240 4312 multum
1266 4248 1524 4325 impraegnans,

233 4437 238 4448 .
325 4373 401 4429 quae
424 4345 541 4415 tamen
566 4350 673 4414 herba
697 4369 774 4414 raro
790 4349 880 4416 circa
895 4349 1010 4416 fontes
1026 4369 1106 4414 vere
1122 4348 1250 4414 salinos
1266 4348 1408 4426 reperiri
1425 4348 1524 4414 solet.
