3442 5302
327 719 367 780 82
686 719 744 782 DE
764 719 871 782 SALE
893 717 1115 784 COMMUNI.

369 901 463 962 Dicta
482 904 551 962 lraec
568 908 676 964 crusta
694 904 724 963 in
742 920 843 964 causa
861 908 923 979 est,
951 903 1037 981 quod
1054 903 1135 981 ignis
1163 902 1298 980 aequalis
1320 917 1395 962 esse
1422 901 1475 960 de·

328 1003 416 1077 beat,
435 1003 562 1063 sienim
579 1003 720 1082 frigefiat
735 1004 809 1064 dein
829 1021 892 1064 non
910 1009 975 1064 tam
993 1003 1088 1064 facile
1105 1001 1248 1064 calefieri
1263 1006 1385 1080 potest;
1402 1001 1475 1061 inde
1501 1017 1506 1026 “

328 1103 425 1162 etiam
443 1103 566 1180 evenit,
584 1105 667 1181 quod
686 1105 776 1165 locus
792 1104 991 1165 diminuatur
1008 1105 1039 1164 in
1056 1104 1191 1179 cortina,
1209 1102 1364 1182 principio
1388 1102 1473 1162 enim

328 1204 418 1264 locus
435 1203 530 1265 datur
546 1221 637 1284 pro4
663 1205 702 1265 ad
727 1204 767 1281 4}
791 1209 912 1266 tonnas
939 1205 1050 1280 lixivii,
1076 1205 1150 1265 dein
1178 1204 1232 1265 vix
1260 1221 1316 1283 pro
1335 1218 1359 1280 3.
1404 1201 1475 1280 lpsa

328 1304 425 1364 etiam
443 1305 545 1366 coctio
562 1305 741 1366 secundum
759 1305 1010 1366 increscentiam
1034 1306 1132 1383 hujus
1155 1310 1277 1364 crustae
1302 1303 1418 1363 variari
1442 1306 1476 1362 et

327 1405 562 1483 proportionari
579 1406 690 1468 debet.

371 1505 526 1566 Eximitur
542 1508 613 1566 haec
630 1510 737 1566 crusta
755 1510 789 1567 et
805 1506 931 1566 malleis
948 1506 1094 1567 minutim
1108 1505 1330 1579 contunditur,
1355 1508 1388 1564 et
1400 1503 1474 1563 dein

328 1606 465 1665 solvitur
482 1611 515 1666 et
533 1624 644 1666 rursus
661 1607 692 1666 in
710 1608 812 1666 salem
830 1607 990 1684 coquitur.

371 1705 416 1765 Ex
434 1724 498 1765 una
515 1712 616 1767 tonna
633 1709 710 1767 salis
735 1724 874 1785 gemmae
902 1707 1070 1785 Anglicani
1098 1707 1264 1767 obtinetur
1294 1707 1330 1786 1}
1357 1705 1408 1764 vel
1439 1706 1475 1784 12}

325 1810 427 1865 tonna
444 1807 522 1866 salis
541 1808 673 1883 recocti3
701 1813 913 1885 augmentum
932 1808 1029 1868 etiam
1058 1807 1209 1885 ponderis
1236 1808 1388 1880 nabetur,
1416 1804 1473 1864 sed

328 1907 479 1982 quoniam
497 1909 544 1967 sal
562 1909 621 1968 lroc
640 1925 775 1986 rupeum
793 1908 951 1987 impurum
976 1914 1037 1984 est,
1062 1913 1095 1968 et
1110 1908 1234 1985 argilla,
1251 1906 1338 1980 limo,
1357 1910 1390 1965 et
1405 1905 1476 1965 aliis

328 2004 465 2066 faecibus
492 2013 661 2083 constanS,
688 2008 762 2068 hinc
789 2026 852 2069 non
878 2013 993 2069 exacte
1021 2009 1094 2068 sciri
1119 2012 1240 2086 potest,
1265 2005 1473 2083 quantumin

328 2105 452 2166 ratione
469 2108 620 2186 ponderis
637 2113 809 2186 augeatur.

843 2293 965 2356 XXXll.

331 2457 512 2520 COCTlO
536 2458 652 2522 snlls
677 2461 729 2522 EX
754 2460 885 2538 anlls
908 2459 1210 2532 frumentinus,
1230 2458 1472 2524 SECUNDUM

768 2578 1044 2642 nultrcolnll.

374 2711 477 2788 Aliqui
493 2713 595 2771 salem
614 2729 654 2771 ex
671 2714 778 2789 salsis,
796 2731 869 2790 quae
885 2711 1056 2775 ferventes
1072 2731 1113 2774 ex
1129 2720 1215 2775 terra
1241 2711 1390 2788 effluunt,
1413 2714 1472 2772 lroc

331 2810 425 2872 modo
437 2811 627 2874 conficiunt:
653 2814 684 2872 ln
699 2815 848 2874 lacunam
863 2815 1131 2892 scaturiginosam
1145 2815 1315 2893 imponunt
1327 2814 1409 2873 ollas
1420 2811 1474 2873 frc-

329 2913 415 2987 tiles,
445 2913 541 2988 inque
566 2931 623 2972 eas
650 2918 776 2974 tantam
805 2932 923 2991 aquam
951 2933 992 2976 ex
1023 2915 1219 2992 scaturigine
1250 2911 1473 2975 cochlearibus

329 3013 482 3072 haustam
500 3011 687 3091 infundunt,
702 3019 737 3075 ut
753 3016 943 3094 semiplenae
956 3015 1052 3077 fiant:
1076 3032 1173 3093 quam
1187 3019 1365 3094 perpetuus
1377 3031 1474 3090 aqua·

330 3129 412 3188 rum,
430 3129 512 3190 quas
529 3115 645 3173 lacuna
662 3116 821 3192 continet,
849 3115 971 3193 fervor,
1001 3134 1063 3177 non
1089 3116 1182 3176 aliter
1208 3133 1246 3175 ac
1273 3115 1355 3192 ignis
1381 3114 1473 3174 ardor

329 3214 450 3274 salsam
467 3213 497 3272 in
515 3215 657 3274 cortinas
669 3214 810 3275 infusam
822 3218 942 3294 coquit.
977 3216 1232 3295 Quumprimum
1246 3220 1356 3276 autem
1371 3231 1474 3292 coepe·

329 3314 368 3373 rit
397 3330 616 3386 crassescere,
647 3316 731 3391 quod
761 3315 797 3376 frt
824 3334 896 3376 cum
924 3318 963 3377 ad
990 3319 1105 3378 tertias
1131 3320 1188 3376 aut
1214 3316 1353 3394 amplius
1377 3314 1474 3374 tuerit

329 3414 477 3488 decocta,
494 3413 670 3494 forcipibus
697 3418 778 3477 ollas
804 3418 1048 3495 pretendentes
1071 3435 1128 3478 eas
1144 3418 1175 3477 in
1192 3416 1317 3476 ferreas
1333 3416 1474 3476 cortinas

330 3531 450 3593 parvas
466 3517 752 3593 etquadrangulas
778 3518 856 3578 item
884 3519 914 3578 in
940 3521 1057 3579 lacuna
1084 3519 1259 3578 collocatas
1285 3513 1472 3589 effundunt,

329 3632 467 3691 quarum
484 3632 602 3675 cavum
621 3617 750 3694 longum
768 3635 842 3678 esse
859 3620 944 3681 solet
960 3619 1061 3697 pedes
1077 3623 1157 3693 tres,
1179 3619 1281 3678 latum
1307 3617 1400 3691 duoS,
1428 3617 1475 3674 al-

330 3721 398 3776 tum
416 3714 531 3793 digitos
548 3721 628 3778 tres.
674 3716 841 3793 Quoniam
859 3736 937 3780 vero
954 3720 1089 3796 singulis
1104 3718 1254 3795 quaterni
1277 3721 1354 3777 sunt
1375 3717 1474 3795 pedes

330 3833 461 3894 graveS,
479 3817 597 3892 quibus
612 3817 780 3895 insistunt,
798 3835 884 3896 aqua
900 3835 957 3879 eas
974 3819 1061 3879 subit
1077 3824 1110 3879 et
1126 3818 1269 3895 undique
1286 3818 1396 3894 cingit,
1415 3833 1473 3876 nec

330 3921 442 3976 tamen
469 3916 588 3992 iniluit;
610 3933 684 3992 quae
709 3919 784 3995 quia
806 3921 1013 3980 continenter
1030 3925 1063 3980 et
1079 3936 1119 3978 ex
1137 3920 1253 3978 lacuna
1269 3935 1325 3996 per
1341 3918 1474 3977 canales

329 4014 441 4091 effluit,
473 4021 507 4077 et
537 4019 752 4095 scaturigines
779 4021 920 4080 recentis
946 4021 1068 4098 copiam
1095 4019 1317 4098 suppeditant,
1346 4034 1474 4096 semper

329 4115 448 4192 fervet,
475 4121 574 4194 atque
598 4125 861 4180 crassescentem
889 4137 1007 4198 aquam
1035 4121 1066 4180 in
1094 4120 1236 4180 cortinas
1262 4118 1417 4191 infusam,
1442 4117 1473 4177 in

329 4218 430 4276 salem
449 4217 590 4277 densare
606 4223 733 4296 potest:
757 4221 811 4297 qui
825 4238 899 4281 mox
913 4220 1205 4294 batilliseximitur,
1222 4219 1474 4295 idemquelabor

329 4316 450 4394 saepius
466 4317 614 4380 iteratur.
661 4319 778 4380 Verum
797 4321 822 4380 si
850 4322 947 4381 salsae
975 4338 1047 4381 cum
1077 4319 1148 4380 aliis
1176 4319 1282 4380 succis
1308 4318 1474 4397 permistae

328 4416 461 4492 luerint,
479 4424 515 4478 ut
530 4419 720 4496 plerumque
737 4421 850 4481 calidae
866 4439 940 4482 esse
957 4423 1076 4496 solent,
1094 4438 1134 4480 ex
1151 4420 1197 4480 eis
1219 4420 1265 4479 sal
1290 4436 1352 4478 non
1375 4419 1474 4479 debet

328 4515 455 4581 confrci.
