3524 5314
322 780 363 843 24
684 761 741 828 DE
762 761 870 829 SALE
891 760 1107 830 COMMUNI

318 950 409 1010 lacus
432 954 511 1010 sunt
534 966 668 1010 numero
688 965 702 1026 3
720 950 759 1010 ad
776 949 796 1010 6
813 951 958 1010 milliaria
981 950 1022 1010 ab
1047 949 1253 1011 Astracania.
1300 949 1366 1010 Hoc
1391 948 1469 1010 salis

319 1066 441 1128 genere
459 1054 595 1111 utuntur
610 1051 731 1110 accolae
746 1050 786 1110 ad
803 1050 1003 1111 condiendos
1019 1050 1126 1128 pisces
1143 1054 1176 1110 et
1190 1049 1309 1125 capiar,
1328 1054 1364 1110 ut
1379 1053 1413 1110 et
1428 1049 1476 1109 ad

322 1151 423 1210 multa
454 1151 524 1210 loca
549 1151 782 1210 transmittitur
807 1154 840 1211 et
866 1151 1002 1210 inservit
1026 1150 1137 1210 incolis
1163 1151 1253 1228 regni
1278 1150 1379 1210 totius
1400 1149 1469 1211 lere

322 1249 484 1326 Kasaniae,
499 1254 533 1311 et
545 1251 652 1328 aliqua
664 1269 739 1330 pars
750 1251 826 1311 inde
838 1251 869 1311 in
884 1250 1034 1312 Russiam
1048 1249 1204 1311 delertur.
1239 1248 1303 1311 Sed
1316 1250 1468 1328 quoniam

196 1427 200 1434 ι
320 1367 426 1428 genus
448 1352 507 1411 hoc
529 1352 668 1411 salinum
696 1368 759 1412 non
784 1368 878 1428 aeque
900 1367 1015 1430 purum
1040 1356 1074 1411 et
1097 1349 1292 1411 delaecatum
1316 1356 1470 1411 censetur

322 1456 358 1510 ut
381 1450 468 1511 aliud
493 1453 524 1511 in
550 1451 680 1527 Russia,
707 1452 782 1512 hinc
805 1469 869 1512 non
893 1452 985 1512 multi
1006 1453 1199 1528 aestimatur,
1225 1451 1284 1512 nisi
1306 1451 1346 1511 ad
1369 1452 1470 1512 salsa·

321 1550 444 1611 tionem
461 1551 596 1630 piscium
614 1557 648 1614 et
664 1552 823 1613 carnium.

365 1669 495 1730 Plurimi
520 1669 618 1747 hujus
640 1670 771 1748 generis
794 1670 885 1730 lacus
909 1669 1123 1730 inveniuntur
1152 1669 1299 1746 Siberiae,
1329 1675 1363 1731 et
1386 1669 1470 1731 inter

322 1771 393 1830 illos
410 1787 495 1830 unus
510 1770 563 1847 qui
581 1769 963 1854 vocaturdamischevo,
986 1786 1026 1830 ex
1049 1788 1113 1848 quo
1137 1788 1255 1848 magna
1278 1771 1369 1849 copia
1393 1771 1471 1831 salis

323 1871 463 1930 habetur
492 1875 617 1946 quanta
647 1875 750 1931 totum
788 1888 922 1948 regnum
955 1869 1090 1932 Siberiae
1119 1870 1188 1931 tere
1224 1889 1305 1951 opus
1335 1873 1469 1946 lrabeat.

324 1970 460 2031 Licitum
492 1976 544 2031 est
573 1971 706 2032 cuilibet
736 1988 777 2031 ex
808 1972 879 2032 lacu
911 1973 971 2032 hoc
1002 1976 1131 2033 tantum
1163 1972 1239 2032 salis
1266 1972 1469 2050 depromere,

322 2075 480 2148 quantum
498 2071 668 2148 requiritur
685 2072 717 2131 in
740 2089 800 2132 usu
824 2073 895 2150 ejus
917 2073 1126 2148 oeconomico,
1150 2073 1207 2133 sed
1232 2089 1295 2132 non
1318 2073 1470 2152 amplius

300 2215 302 2220 ·
324 2170 476 2249 Magnum
495 2173 592 2232 etiam
610 2172 685 2232 inde
703 2173 841 2250 vectigal
860 2178 1005 2252 reportat
1022 2173 1202 2235 Muscovia.

366 2288 398 2349 ln
415 2287 609 2350 Calmuchia
623 2290 713 2350 lacus
727 2291 824 2350 etiam
840 2291 1009 2370 reperitur,
1024 2309 1087 2352 non
1105 2295 1217 2354 multae
1230 2293 1471 2373 profunditatis,

326 2390 526 2467 longitudine
549 2395 583 2451 et
605 2390 775 2450 latitudine
799 2390 838 2450 ad
862 2393 1078 2467 quadrantem
1106 2410 1118 2454 1
1150 2395 1298 2470 milliarii,
1323 2395 1417 2473 cujus
1439 2394 1471 2454 in

325 2488 426 2550 lundo
457 2491 738 2564 chrystallisatum
766 2491 857 2568 ¹jacet
887 2494 933 2552 sal
965 2497 1068 2554 tantae
1103 2495 1297 2556 crassitatiei
1333 2501 1368 2556 ut
1398 2494 1472 2557 inde

326 2590 471 2670 depromi
487 2591 589 2669 possit
604 2595 763 2668 quantum
782 2592 894 2654 libeat.
933 2591 986 2654 Sal
1003 2595 1062 2654 hoc
1079 2600 1211 2656 constat
1226 2596 1336 2674 granis
1354 2597 1472 2674 majus-

327 2691 1473 2772 culisestquecoloriscandidi,sednonaequeidoneumadcondiendos

327 2793 433 2872 pisces
450 2799 483 2853 et
499 2810 628 2855 carnes.
668 2792 865 2855 Existimant
880 2811 985 2872 genus
1001 2797 1060 2856 hoc
1077 2797 1155 2856 salis
1171 2797 1381 2858 commixtum
1399 2815 1473 2858 esse

328 2911 400 2954 cum
418 2896 519 2969 calce,
547 2894 603 2954 sed
626 2899 677 2954 est
694 2894 911 2955 acidissimum
935 2900 968 2955 et
989 2894 1057 2956 lere
1079 2897 1264 2958 inidoneum
1287 2898 1327 2958 ad
1350 2916 1471 2959 escam.

327 2996 413 3056 Ante
431 2995 552 3073 aliquot
567 3012 673 3056 annos
690 2999 859 3074 expertum
877 3000 940 3072 est,
959 2997 1116 3058 contineri
1132 2997 1164 3058 in
1178 2999 1237 3058 hoc
1254 2999 1331 3060 salis
1352 3015 1474 3077 genere

328 3095 363 3177 Va
381 3101 506 3176 partem
524 3096 688 3175 salpetrae,
706 3100 739 3156 et
755 3097 923 3173 quantitas
938 3098 1090 3177 salpetrae
1111 3100 1185 3159 inde
1207 3104 1340 3179 putatur
1361 3101 1475 3161 haberi

327 3215 422 3276 posse
439 3198 465 3258 si
483 3197 577 3258 modo
593 3198 624 3258 in
643 3197 773 3275 regione
790 3198 843 3258 illa
859 3199 949 3277 copia
967 3199 1041 3277 ligni
1058 3205 1160 3264 esset.

876 3501 926 3562 xl.

479 3683 766 3748 EVAPORATIO
790 3683 906 3746 Satis
932 3686 983 3746 EX
1008 3685 1130 3763 nQun
1155 3687 1319 3750 nanNn

724 3784 958 3847 ROCHELLE
984 3785 1083 3848 ETC.

369 3970 535 4048 Quoniam
567 3969 695 4030 termini
734 3970 837 4045 multi,
877 3971 930 4047 qui
968 3977 1174 4031 concernunt
1212 3975 1475 4035 constructiones

328 4072 516 4152 paludinum
548 4074 582 4131 et
603 4087 752 4130 arearum
776 4071 806 4130 in
831 4071 950 4147 quibus
977 4073 1166 4149 evaporatio
1190 4073 1382 4148 instituitur,
1411 4093 1473 4135 non

330 4174 388 4234 nisi
405 4171 533 4232 Gallico
549 4171 699 4231 idiomate
723 4172 857 4251 exprimi
883 4173 1018 4250 possint,
1037 4173 1129 4249 sique
1153 4175 1252 4233 latine
1276 4176 1476 4236 donarentur

329 4277 504 4347 vixtameo
517 4288 619 4348 usque
630 4272 670 4332 ab
685 4272 843 4351 imperitis
853 4273 1122 4350 intelligerentur,
1138 4275 1211 4334 hinc
1224 4276 1473 4354 descriptionem

329 4377 413 4436 hanc
445 4371 572 4432 Gallica
604 4372 712 4450 lingua
742 4373 871 4433 tradere
902 4375 994 4450 volo,
1031 4379 1064 4434 et
1095 4375 1234 4435 habetur
1265 4376 1295 4434 in
1326 4375 1476 4438 Nouvelle

328 4473 524 4551 Description
546 4474 583 4533 da
603 4473 636 4534 la
665 4472 780 4536 Franco
806 4491 862 4553 par
886 4473 928 4536 Μ.
956 4474 1097 4552 Piganiol
1123 4475 1162 4534 de
1187 4477 1215 4534 la
1247 4435 1474 4551 Forcefiom:

332 4593 347 4654 3
365 4594 396 4654 p.
416 4573 500 4652 364,
519 4577 552 4632 et
568 4577 672 4636 meme
689 4574 771 4635 dans
786 4574 1015 4637 Dictionuaira¹
1043 4573 1206 4639 Universa!
1226 4579 1263 4638 da
1285 4576 1477 4640 Commeroa:
