3524 5314
327 691 366 758 54
440 733 443 738 .
712 679 770 742 DE
790 679 898 743 SALE
919 680 1136 745 COMMUNI

323 868 374 924 est
390 881 464 924 cum
481 868 573 942 parte
590 864 775 952 superioret
796 869 831 926 ut
855 866 965 926 nullibi
990 865 1032 927 sit
1061 867 1225 946 separatio
1254 868 1325 928 sive
1355 868 1475 944 hiatus,

324 969 425 1042 utque
442 969 590 1025 arceatur
607 964 712 1025 omnis
735 965 865 1042 generis
888 983 972 1044 aqua
995 966 1230 1044 heterogenea.
1276 967 1369 1046 Aqua
1392 968 1475 1049 ipsa-

324 1069 392 1125 met
408 1065 512 1125 salina
528 1082 657 1126 sursum
675 1065 809 1127 enititur
825 1071 981 1144 tanquam
1000 1072 1117 1146 sponte
1134 1085 1191 1128 sua
1216 1085 1273 1147 per
1297 1069 1474 1131 cavitatem

324 1165 471 1243 siphonis
488 1182 592 1242 usque
608 1165 648 1226 ad
672 1183 716 1239 zz,
733 1155 776 1226 ad¹
790 1165 875 1226 illam
894 1166 1098 1227 altitudinem
1115 1172 1151 1228 ut
1167 1168 1261 1229 modo
1285 1183 1301 1246 3
1325 1170 1474 1230 ulnarum

323 1265 465 1344 spatium
483 1257 648 1326 residuum
665 1266 716 1338 sit,
736 1270 830 1328 tanta
846 1270 897 1328 est
912 1283 1008 1344 aquae
1023 1266 1183 1328 inferioris
1198 1269 1336 1348 pressio.

367 1365 559 1428 Exantlatur
582 1366 657 1427 inde
681 1383 765 1444 aqua
782 1383 838 1447 per
855 1385 915 1427 vas
930 1367 1105 1444 quoddam,
1124 1373 1396 1448 repraesentatum
1414 1368 1475 1448 fig:

325 1464 397 1543 PQ,
422 1466 507 1544 quod
530 1466 699 1528 continere
722 1471 832 1546 potest
849 1467 976 1528 circiter
993 1484 1180 1529 mensuram
1197 1485 1216 1545 4
1232 1470 1476 1547 cantharorum;

323 1583 384 1627 vas
400 1567 460 1627 hoc
478 1571 530 1629 est
546 1567 799 1645 longiusculum,
816 1567 912 1646 cujus
928 1566 1054 1629 fundus
1068 1569 1169 1647 janua
1191 1570 1243 1630 vel
1267 1570 1402 1634 valvula
1425 1574 1477 1631 est

322 1665 503 1729 instructus
518 1685 602 1746 quae
619 1673 737 1747 sponte
754 1685 813 1728 sua
829 1668 972 1747 aperitur
996 1686 1068 1729 cum
1093 1667 1215 1730 fundus
1237 1670 1343 1748 tangit
1365 1687 1475 1749 super-

318 1766 424 1828 ficiem
441 1785 559 1845 aquae,
577 1785 717 1846 cumque
740 1769 821 1829 satis
844 1768 1015 1830 demersus
1038 1774 1100 1845 est,
1119 1786 1258 1847 cumque
1275 1771 1438 1847 elevatur,
1456 1788 1474 1830 a

322 1868 491 1948 pressione
507 1868 670 1930 interioris
686 1885 791 1948 aquae
808 1869 917 1930 statim
936 1869 1110 1932 clauditur.

363 1967 617 2049 Receptaculum
630 1970 689 2030 hoc
707 1968 863 2045 ferreum,
878 1968 950 2045 NN,
968 1969 1157 2048 deprimitur
1173 1987 1230 2049 per
1246 1971 1389 2049 pondera
1407 1988 1474 2030 ma-

320 2070 401 2148 jora,
417 2070 542 2131 scilicet
558 2074 593 2130 ut
609 2070 641 2130 in
658 2070 721 2130 situ
745 2086 805 2130 suo
828 2074 993 2136 teneatur,
1015 2088 1152 2150 pronum
1177 2071 1264 2131 enim
1296 2075 1348 2131 est
1370 2071 1410 2131 ad
1437 2088 1474 2132 se

323 2171 534 2233 elevandum.

364 2269 396 2332 Si
412 2288 498 2349 aqua
514 2271 617 2332 dulcis
640 2271 890 2332 commisceatur
913 2287 985 2331 cum
1010 2288 1094 2351 aqua
1118 2271 1235 2347 salina,
1266 2271 1358 2349 sique
1381 2271 1473 2350 sipho

323 2389 386 2433 non
404 2373 491 2432 bene
507 2373 634 2432 locatus
650 2376 702 2432 est
722 2372 818 2451 juxta
841 2370 990 2448 fundum,
1015 2372 1261 2433 subtrahendus
1284 2377 1336 2432 est
1358 2373 1472 2452 sipho;

322 2473 353 2533 in
378 2473 464 2533 hunc
488 2471 588 2532 finem
613 2490 718 2540 uncus
733 2473 877 2550 quidam,
895 2471 953 2550 fig:
972 2473 1005 2548 h,
1023 2472 1183 2534 formatus
1200 2477 1263 2549 est,
1281 2479 1316 2534 ut
1333 2478 1367 2533 et
1381 2475 1473 2552 plura

324 2575 506 2649 manubria,
525 2572 585 2651 fig:
609 2591 640 2651 g,
658 2591 688 2651 g,
735 2572 995 2634 Observandum
1021 2579 1084 2649 est,
1109 2573 1194 2650 quod
1218 2574 1376 2652 siphones
1398 2573 1472 2633 dicti

322 2675 353 2735 in
385 2675 486 2736 altum
512 2675 692 2749 enitantur,
724 2674 877 2751 quamvis
899 2673 931 2733 in
956 2675 1092 2734 multam
1117 2672 1371 2753 profunditatem
1395 2679 1472 2734 sunt

321 2776 466 2837 demissi.

848 2857 944 2920 XXV.

405 3041 587 3106 COCTlO
611 3041 727 3104 satis
753 3041 805 3102 EX
828 3040 952 3117 anln
977 3039 1188 3104 FONTANA
1214 3041 1375 3103 nullis.

362 3177 553 3240 Germaniae
570 3181 648 3237 sunt
665 3177 766 3236 multa
790 3193 888 3255 opera
912 3175 1028 3252 salina,
1054 3177 1172 3237 dantur
1196 3176 1281 3237 enim
1306 3176 1416 3236 multis
1439 3176 1470 3236 in

318 3281 396 3342 locis
418 3278 528 3340 fontes
552 3295 592 3338 ex
615 3278 733 3355 quibus
764 3278 811 3337 sal
842 3277 1002 3354 coquitur,
1028 3282 1064 3337 ut
1086 3276 1117 3336 in
1142 3275 1409 3337 Franckenhusia
1440 3277 1470 3337 in

319 3379 508 3458 Thuringia,
527 3379 558 3439 in
576 3376 744 3439 Allendorf
759 3377 790 3437 in
809 3377 938 3452 Hassia‚
957 3375 1147 3454 Salfzungia
1163 3377 1247 3437 circa
1270 3377 1382 3453 Verre,
1398 3377 1472 3438 Hal-

319 3483 358 3543 lis
374 3482 404 3542 in
421 3479 565 3554 Swabia‚
585 3477 710 3539 Ostern
728 3479 759 3538 in
778 3477 985 3553 lllansfeldia,
1011 3476 1119 3538 Saltza
1143 3478 1174 3537 in
1203 3477 1470 3553 Aschersleben¹,

320 3580 470 3657 Staffurt,
499 3579 655 3656 Colberg²
689 3579 720 3639 in
746 3578 938 3639 Pomerania
962 3577 1128 3653 inferiore,
1155 3577 1291 3657 Apolda¹
1312 3577 1345 3638 in
1370 3577 1468 3657 Wey·

320 3683 432 3758 maria,
452 3681 553 3741 Hallis
569 3681 600 3741 in
618 3679 834 3757 saltzburgia,
852 3679 883 3739 in
903 3679 1061 3756 Kitzingia
1077 3679 1109 3738 in
1127 3679 1319 3753 Franconia,
1333 3684 1366 3739 et
1381 3679 1469 3740 alibi.

319 3783 382 3846 Sed
399 3783 540 3862 palmam
558 3781 608 3841 his
624 3780 766 3860 praeripit
783 3797 865 3859 opus
882 3780 1021 3840 salinum
1038 3779 1070 3839 in
1088 3778 1190 3839 liallis
1204 3778 1369 3841 Saxoniae.

362 3885 483 3945 Fontes
509 3887 588 3943 sunt
618 3898 753 3961 numero
776 3897 807 3957 4,
840 3885 874 3941 et
905 3884 1066 3941 vocantur
1091 3878 1290 3954 Teusciren⁴‚
1316 3878 1468 3958 Gutgar⁶,

319 3983 470 4059 llletrits⁶,
490 3981 697 4058 Haclreborn‚
716 3987 751 4042 et
765 3998 881 4042 omnes
897 3985 975 4041 sunt
991 3979 1158 4041 asseribus
1174 3981 1338 4057 quercinis
1355 3979 1470 4040 muniti

317 4103 420 4164 usque
437 4083 643 4144 adfundum.
674 4083 801 4143 Primus
817 4080 891 4142 fons
915 4085 967 4142 est
989 4080 1212 4159 profunditate
1231 4079 1289 4158 35}
1306 4081 1467 4155 ulnarum,

316 4193 350 4249 et
365 4191 503 4264 augetur
520 4184 563 4245 ibi
579 4200 664 4263 aqua
680 4183 826 4261 qualibet
842 4183 919 4242 hora
938 4182 978 4242 ad
995 4170 1199 4243 altitudinem
1220 4197 1232 4240 r
1259 4182 1357 4257 ulnae,
1384 4182 1469 4241 unde

315 4289 390 4350 fons
406 4286 567 4348 interdum
585 4289 653 4346 stat
669 4285 814 4364 repletus
830 4300 927 4359 aqua,
945 4299 1020 4360 quae
1036 4282 1111 4342 inde
1122 4281 1248 4341 demitti
1262 4286 1339 4341 tunc
1356 4282 1467 4343 debet.

318 4391 402 4451 Fons
418 4385 559 4464 Gutgar'
584 4391 635 4446 est
658 4383 880 4464 profunditate
903 4383 965 4458 aql
987 4384 1149 4457 ulnarum,
1168 4381 1340 4441 maximam
1364 4386 1396 4442 et
1418 4399 1469 4443 co·

315 4490 530 4571 piosissimam
548 4502 668 4548 venam
686 4487 805 4563 habet;
822 4501 906 4564 aqua
924 4483 1020 4566 hujus
1036 4481 1137 4544 fontis
1161 4499 1224 4543 non
1247 4487 1314 4542 tam
1338 4483 1468 4564 limpida
