3524 5314
566 746 693 810 MONS
713 747 899 811 SALINUS
920 747 1124 812 POLONIAE
1382 763 1420 830 17

315 929 423 990 Fidem
440 935 586 1009 superat,
605 931 690 1007 quod
706 931 871 992 fluviatilis
887 932 988 993 dulcis
1004 951 1090 1010 aqua
1105 949 1162 1012 per
1175 932 1314 993 medium
1332 933 1419 992 hunc

169 1101 171 1106 .
273 1034 416 1091 montem
433 1030 514 1092 fluat
530 1047 603 1107 quae
626 1033 796 1110 purissima
818 1037 880 1109 est,
907 1050 966 1093 nec
990 1034 1089 1093 ullum
1113 1032 1247 1113 praefert
1269 1048 1417 1111 saporem

272 1131 431 1208 salinum;
450 1131 666 1193 sufficientem
684 1133 807 1211 copiam
825 1150 921 1210 aquae
937 1135 1063 1212 praebet
1079 1134 1129 1194 hic
1145 1133 1267 1194 fluvius
1282 1133 1419 1194 homini-

273 1233 334 1291 bus
351 1231 404 1308 qui
421 1231 463 1292 ibi
479 1232 603 1310 degunt
618 1239 652 1314 et
667 1233 874 1296 animalibus,
909 1235 957 1294 Ab
972 1235 1034 1294 alia
1055 1239 1147 1312 parte
1164 1235 1303 1294 habetur
1320 1233 1417 1294 etiam

271 1331 393 1392 fiumen
410 1333 507 1408 aquae
524 1333 632 1395 salsae.
680 1332 802 1394 Praeter
819 1335 879 1394 has
896 1352 1000 1412 aquas
1018 1335 1106 1395 nulla
1122 1334 1184 1395 alia
1201 1351 1287 1412 aqua
1310 1334 1417 1408 datur,

272 1432 357 1492 sicca
375 1432 460 1493 enirn
479 1436 530 1493 est
545 1435 734 1512 temperies
755 1451 814 1495 nec
838 1435 980 1495 illabitur
1003 1452 1089 1513 aqua
1116 1453 1133 1496 e
1157 1436 1226 1496 loco
1250 1434 1418 1513 superiori,

273 1532 349 1594 licet
370 1533 511 1593 maxima
533 1534 643 1612 pluvia
666 1536 798 1610 existat,
824 1540 857 1596 et
873 1539 961 1595 terra
983 1535 1128 1614 superior
1150 1536 1192 1596 sit
1213 1535 1418 1614 paludinosa.

273 1631 356 1694 Sunt
372 1633 469 1694 etiam
487 1635 517 1693 in
535 1633 645 1694 fodina
661 1636 731 1696 loca
745 1635 895 1712 quaedam
914 1635 968 1696 ubi
991 1637 1099 1697 nullus
1115 1637 1205 1696 labor
1221 1635 1345 1696 institui
1365 1651 1419 1713 po-

271 1737 349 1808 test,
364 1735 515 1810 quoniam
528 1735 601 1795 illuc
616 1732 723 1795 afferri
741 1736 854 1814 nequit
866 1737 1002 1797 candela
1014 1738 1065 1796 vel
1079 1737 1174 1814 ignis;
1188 1735 1318 1796 admoto
1332 1735 1417 1796 enim

272 1827 1322 1914 igne,effluviafacillimepossuntincendietfiammamarripere,
1335 1835 1419 1911 quod

273 1941 444 2012 expertum
457 1940 508 1995 est
519 1935 718 1998 Wieliczlcae¹
732 1954 820 1997 anno
833 1938 923 2013 1644,
936 1941 1014 1997 tunc
1027 1937 1112 1998 enim
1124 1937 1308 1997 incendium
1321 1937 1419 2013 quod-

272 2035 344 2095 dam
356 2034 543 2095 inchoatum
560 2041 623 2111 est,
642 2037 727 2113 quod
744 2038 957 2098 continuasse
974 2037 1089 2098 dicitur
1113 2053 1169 2115 per
1187 2038 1348 2114 integrum
1362 2053 1419 2096 an-

273 2153 362 2210 num,
376 2140 409 2195 et
423 2153 564 2214 vapores
580 2137 631 2196 vel
649 2137 764 2197 odores
781 2138 975 2216 sulphureos
992 2155 1032 2198 ex
1050 2155 1084 2197 se
1101 2139 1231 2216 copiose
1244 2138 1417 2216 sparsisse.

273 2236 304 2296 ln
328 2236 480 2296 cavernis
503 2237 553 2296 his
577 2236 728 2298 dicuntur
745 2238 847 2297 audiri
870 2239 1032 2298 interdum
1057 2255 1155 2299 sonos
1179 2238 1281 2298 instar
1304 2238 1417 2315 ganni-

271 2341 363 2397 tuum
380 2337 482 2411 canis
501 2335 770 2398 vociferationum
787 2339 992 2415 gallinarum,
1019 2343 1052 2399 et
1074 2339 1166 2417 plura
1184 2355 1259 2415 quae
1282 2337 1419 2416 operarii

271 2441 447 2497 autumant
461 2437 628 2497 sinistrum
646 2455 742 2498 omen
759 2455 845 2500 esse.
892 2439 1112 2517 Exportantur
1135 2438 1209 2498 inde
1226 2439 1271 2499 sal
1292 2438 1419 2515 magnis

271 2536 394 2612 frustis,
413 2554 488 2614 quae
511 2537 673 2598 interdum
698 2539 840 2616 pondere
865 2543 942 2599 sunt
958 2555 999 2599 20
1022 2545 1055 2599 et
1080 2552 1118 2616 30
1141 2539 1416 2600 centenariorum.

315 2627 949 2716 Plurasuntgenerasalisinhacfodina.
979 2639 1086 2716 Aliqui
1101 2643 1276 2699 numerant
1288 2643 1416 2699 tantum

273 2738 347 2800 duo:
365 2755 462 2800 unum
479 2739 564 2816 quod
581 2739 753 2799 admodum
768 2740 881 2799 durum
900 2745 952 2800 est
968 2744 1001 2800 et
1017 2744 1243 2818 transparenS,
1269 2743 1302 2798 et
1324 2740 1419 2817 cujus

272 2839 442 2918 chrystalli
458 2844 535 2900 sunt
552 2838 781 2918 perfectiores;
799 2845 916 2917 estque
934 2842 993 2900 hoc
1016 2840 1195 2918 genuinum
1214 2840 1261 2899 sal
1279 2855 1419 2917 gemmae

271 2941 356 3017 quod
365 2940 585 3018 scindipotest
597 2941 699 3000 instar
710 2941 976 3018 chrystallorum‚
995 2951 1027 3000 et
1039 2958 1079 2999 ex
1092 2941 1266 3017 quomulta
1277 2957 1375 3019 opera
1386 2945 1419 3000 et

272 3041 423 3101 utensilia
439 3039 636 3116 conficiunt3
658 3042 791 3102 alterum
808 3058 914 3119 genus
929 3046 985 3107 est¹
999 3041 1105 3100 minus
1128 3045 1332 3118 compactum
1359 3057 1419 3100 nec

272 3141 343 3200 aliis
374 3141 488 3202 usibus
517 3141 676 3201 inservire
702 3146 812 3219 potest
839 3159 936 3220 quam
964 3140 1182 3215 oeconomiciS,
1215 3145 1251 3201 ut
1277 3140 1420 3200 salituris

273 3241 407 3319 piscium
426 3247 459 3302 et
476 3242 620 3302 carnium
638 3247 671 3302 et
688 3259 786 3320 super
803 3259 937 3302 mensas
953 3246 987 3302 et
1002 3241 1086 3301 circa
1104 3257 1210 3302 escas
1265 3240 1324 3300 nni
1342 3257 1420 3301 vero

274 3347 469 3402 enumerant
499 3342 604 3402 adhuc
635 3344 726 3421 plura
753 3360 892 3419 genera:
923 3359 1020 3403 unum
1051 3342 1135 3420 quod
1167 3346 1218 3401 est
1244 3341 1358 3401 durum
1387 3345 1421 3401 et

274 3442 434 3520 lapideum
459 3443 562 3503 instar
585 3443 769 3521 chrystalli3
793 3444 926 3505 alterum
949 3444 1046 3503 etiam
1072 3441 1185 3502 durum
1211 3441 1267 3501 sed
1290 3442 1421 3520 pelluci-

274 3542 348 3602 dum
356 3563 363 3618 ;
380 3542 505 3604 tertium
522 3548 574 3603 est
589 3543 701 3620 fragile
719 3559 778 3602 nec
795 3543 922 3618 durum,
942 3548 977 3604 ut
993 3542 1218 3602 etrcandidum
1237 3549 1270 3602 et
1291 3559 1421 3620 purum;

274 3645 419 3722 quartum
446 3643 554 3703 adhuc
582 3644 720 3705 mollius.
767 3643 935 3704 Invenitur
960 3643 1057 3704 etiam
1084 3642 1162 3702 salis
1186 3659 1291 3720 genus
1314 3643 1421 3703 colore

276 3743 365 3821 nigro
382 3745 532 3805 carbonis
548 3743 649 3805 instar
667 3745 737 3804 sive
760 3743 847 3803 fluidi
871 3744 962 3822 piciS,
988 3750 1020 3804 et
1044 3749 1219 3823 usurpatur
1242 3743 1326 3802 inter
1349 3759 1423 3821 pur·

273 3844 396 3922 gantia.

251 3986 254 3989 -
316 3944 431 4006 Frusta
459 3946 529 4005 haec
551 3945 656 4005 salina
680 3961 720 4004 ex
743 3943 861 4005 fodinis
884 3949 1058 4022 exportata
1082 3945 1204 4022 maJora
1227 3948 1260 4003 et
1284 3943 1420 4018 minora,

275 4046 401 4106 malleis
413 4045 595 4106 tunduntur
608 4045 689 4106 adeo
703 4049 739 4104 ut
750 4049 826 4124 apta
843 4045 908 4105 sint
920 4047 1012 4106 molis
1026 4044 1231 4123 subjiciendi;
1248 4048 1280 4103 et
1294 4043 1422 4103 molitur

274 4146 319 4205 sic
336 4147 367 4205 in
383 4145 521 4206 farinam
538 4146 716 4223 quandam,
734 4162 807 4223 quae
823 4146 939 4207 coloris
962 4152 1013 4206 est
1036 4145 1161 4206 candidi
1185 4149 1217 4204 et
1241 4144 1285 4204 sic
1309 4161 1422 4222 expor-

274 4231 361 4307 tatur
378 4251 411 4307 et
427 4246 625 4307 divenditur.
664 4245 753 4307 Solvi
768 4246 866 4306 etiam
884 4247 968 4307 solet
983 4248 1042 4307 hoc
1059 4247 1106 4306 sal
1123 4261 1262 4322 gemmae
1279 4250 1312 4304 et
1328 4245 1422 4305 modo

276 4347 395 4408 usitato
425 4347 499 4407 dein
529 4347 779 4424 chrystallisari,
811 4350 844 4406 et
879 4347 1042 4425 praecipue
1078 4346 1109 4405 in
1139 4345 1261 4406 finibus
1297 4343 1421 4406 Silesiae

276 4446 468 4517 Tomovici„
487 4447 680 4526 Exportatur
697 4448 795 4507 etiam
812 4447 931 4508 abinde
948 4448 996 4506 sal
1013 4447 1044 4506 in
1059 4446 1185 4524 magnis
1198 4450 1231 4505 et
1244 4445 1422 4506 minoribus

274 4546 404 4627 frustis;
420 4547 579 4608 formatur
602 4548 700 4609 etiam
718 4546 887 4609 informas
913 4547 1142 4627 cylindriacas,
1166 4551 1199 4606 et
1222 4549 1421 4624 usurpantur
