3524 5314
346 793 504 859 COCTIO
524 794 647 860 SALIS
665 796 721 859 ΕΧ
742 796 871 875 AQUA
893 797 1106 862 FONJANA
1129 801 1306 865 HASSIAE
1375 805 1417 880 67

270 981 322 1041 ubi
341 995 379 1056 30
394 981 520 1042 circiter
536 981 671 1042 cortinae
686 986 765 1043 sunt
780 1000 821 1043 ex
845 981 930 1044 ierro
953 982 1051 1045 lactae
1074 986 1274 1064 longitudine
1292 1000 1307 1066 5
1326 989 1416 1049 ulna·

269 1098 338 1140 rum
356 1085 390 1141 et
406 1082 577 1142 latitudine
593 1098 624 1158 4,
642 1087 676 1144 et
692 1099 810 1143 versus
827 1081 979 1146 inferiora
1002 1085 1172 1164 obliquant
1194 1104 1230 1148 se
1253 1088 1293 1148 ad
1317 1089 1416 1168 longi·

268 1181 414 1243 tudinem
434 1197 449 1260 3
468 1182 617 1243 ulnarum
635 1187 669 1243 et
685 1183 888 1246 latitudinem
906 1184 958 1258 zi.
1005 1185 1037 1246 ln
1054 1187 1212 1248 cortinam
1229 1189 1313 1249 banc
1337 1190 1416 1250 hau·
1466 1217 1468 1221 ,

269 1283 347 1342 ritur
364 1299 439 1361 pars
455 1283 630 1361 salsuginis
642 1289 675 1345 et
687 1284 727 1344 ad
740 1285 955 1362 aliquantum¹
969 1291 1095 1364 partem
1110 1294 1319 1368 evaporatur,
1331 1291 1416 1367 quod

266 1399 339 1443 cum
357 1382 480 1470 tactum
498 1384 551 1459 sit,
569 1384 644 1445 inde
662 1383 859 1464 depromitur
877 1390 910 1446 et
926 1387 993 1447 aeri
1010 1385 1160 1465 frigidiori
1176 1390 1362 1468 exponitur,
1381 1396 1417 1452 ut

266 1484 389 1544 scilicet
412 1485 624 1563 experiantur
649 1501 724 1545 num
749 1487 796 1546 sal
820 1487 862 1546 ab
886 1503 971 1564 aqua
995 1505 1055 1548 sua
1078 1495 1248 1568 separetur
1271 1492 1322 1550 vel
1337 1508 1416 1567 non;

268 1585 342 1647 dein
360 1604 473 1648 rursus
488 1590 699 1664 evaporatur,
717 1585 793 1646 dum
811 1587 859 1646 sal
877 1588 1040 1664 coagulari
1056 1588 1190 1668 incipiat
1210 1591 1294 1650 circa
1318 1592 1416 1670 perti·

268 1704 324 1748 cas
340 1692 373 1748 et
389 1703 492 1749 uncos
508 1687 660 1763 aquibus
675 1687 798 1766 pendet
813 1687 950 1750 cortina.
996 1686 1142 1768 Tempus
1165 1695 1283 1751 exacte
1305 1692 1416 1752 obser·

266 1787 409 1848 vandum
434 1792 497 1863 est,
523 1787 647 1848 scilicet
669 1787 744 1847 dum
769 1788 958 1866 evaporatio
981 1789 1128 1850 sistenda
1151 1791 1205 1867 sit,
1231 1809 1271 1852 ne
1284 1792 1416 1870 salsugo

266 1888 398 1949 nimium
411 1892 620 1966 evaporetur,
633 1888 707 1948 inde
720 1889 806 1948 enim
820 1894 1024 1967 compactum
1040 1890 1134 1951 nimis
1147 1897 1181 1951 et
1196 1892 1413 1970 ponderosum

267 1989 378 2050 evadit
393 1991 454 2065 sal,
473 1991 532 2050 lroc
549 1993 601 2050 est
618 1988 736 2049 vilioris
754 1994 852 2051 notae.
898 1987 930 2050 Sl
947 1996 1145 2068 evaporetur
1161 2008 1348 2071 perparum,
1366 1994 1413 2054 sal

265 2089 307 2150 ab
323 2107 408 2167 aqua
424 2108 484 2150 sua
500 2094 578 2150 tunc
596 2107 660 2151 non
677 2089 768 2168 copia
785 2088 968 2150 sufficiente
983 2095 1174 2169 separatur,
1197 2093 1289 2169 sique
1312 2094 1415 2155 coctio

266 2207 323 2269 per
339 2190 481 2268 ligneum
499 2190 605 2268 ignem
623 2190 806 2269 peragitur,
816 2190 900 2251 circa
924 2189 1022 2251 tinem
1047 2193 1204 2253 coctionis
1226 2210 1283 2270 per
1306 2194 1413 2272 ignem

266 2291 492 2351 carbonarium
511 2308 575 2352 non
591 2308 647 2370 per
663 2289 827 2352 flammam
846 2291 1027 2369 urgendum
1053 2296 1122 2369 est,
1146 2297 1181 2354 at
1203 2293 1228 2354 si
1253 2294 1414 2356 carbones

265 2391 454 2452 bituminosi
470 2392 684 2470 subjiciantur
707 2392 853 2468 cortinae,
878 2398 955 2452 tunc
979 2393 1205 2471 praecautione
1228 2394 1282 2454 illa
1306 2395 1414 2456 minus
1487 2402 1490 2408 '

264 2508 346 2569 opus
361 2509 436 2552 esse
453 2496 597 2571 putatur.
644 2490 756 2568 Quum
774 2494 906 2570 salsugo
922 2493 1003 2554 satis
1018 2492 1146 2554 incocta
1163 2494 1323 2569 videatur,
1335 2500 1413 2556 tunc

263 2593 424 2654 carbones
439 2593 494 2670 qui
509 2594 684 2670 subjacent
700 2593 834 2654 cortinae
850 2593 1047 2672 colliguntur
1063 2594 1093 2654 in
1112 2612 1226 2671 unum,
1239 2600 1271 2656 et
1285 2595 1412 2673 quidem

265 2694 327 2752 sub
344 2693 484 2754 medium
501 2692 638 2754 fundum
667 2694 768 2769 vasis,
787 2698 820 2755 et
836 2694 931 2755 simul
955 2694 1192 2770 diminuuntur,
1218 2695 1300 2757 adeo
1318 2701 1353 2756 ut
1369 2694 1416 2756 la·

263 2793 323 2853 cile
339 2793 370 2853 in
387 2793 529 2854 cinerem
547 2795 761 2870 collabantur,
780 2796 833 2872 qui
857 2795 954 2855 etiarn
978 2795 1137 2873 colligitur
1161 2800 1194 2857 et
1216 2796 1414 2860 divenditur.

305 2893 339 2956 Si
354 2895 469 2955 rimula
486 2895 634 2973 quaedam
651 2896 691 2955 ad
704 2894 792 2956 latus
808 2896 859 2955 vel
869 2895 1054 2974 juncturam
1066 2897 1228 2973 quandam
1242 2897 1417 2975 sartaginis

263 2995 440 3071 exoriatur,
458 2996 617 3057 clauditur
633 2996 743 3057 statim
768 2997 821 3056 illa
845 2997 912 3057 luto
935 2996 1074 3073 quodam
1098 2997 1186 3058 iacto
1209 3015 1250 3058 ex
1274 2997 1414 3059 mixtura

263 3096 381 3157 cineris
405 3101 438 3157 et
464 3097 650 3175 sanguinis;
667 3113 806 3173 cumque
829 3097 931 3158 coctio
954 3103 1086 3176 peracta
1109 3103 1172 3173 est,
1197 3099 1317 3176 tegitur
1341 3115 1413 3175 vas,

264 3201 297 3258 et
312 3196 464 3258 eximitur
481 3198 574 3258 salet
590 3198 742 3260 siccatur.
787 3196 899 3276 Spatio
919 3200 955 3260 18
971 3200 1123 3259 horarum
1140 3199 1331 3260 obtinentur
1344 3200 1362 3262 8
1375 3199 1414 3259 ad

264 3316 285 3377 9
299 3298 479 3358 centenarii
494 3299 572 3358 salis
588 3297 657 3359 iere
674 3316 714 3358 ex
735 3313 792 3358 120
807 3299 916 3358 tonnis
932 3299 1119 3377 salsuginis,
1138 3304 1174 3360 ut
1190 3298 1338 3362 retertur.

306 3398 410 3459 Focus
425 3399 542 3476 quovis
558 3417 645 3460 anno
661 3403 851 3474 renovatur,
876 3403 909 3460 et
932 3399 1086 3478 perdurat
1109 3401 1234 3461 cortina
1250 3417 1307 3478 per
1326 3412 1339 3476 5
1358 3417 1413 3460 an·

266 3516 325 3559 nos
341 3499 395 3559 ubi
411 3500 513 3560 coctio
529 3499 708 3560 instituitur
726 3499 861 3560 materia
878 3500 998 3577 lignea,
1016 3504 1050 3561 at
1067 3516 1146 3560 vero
1163 3501 1217 3561 ubi
1241 3501 1323 3578 ignis
1346 3517 1413 3560 car-

265 3601 384 3660 bonum
402 3599 559 3661 fossilium
578 3606 765 3678 usurpatur,
783 3601 980 3660 cortinarum
998 3619 1079 3661 usus
1095 3605 1148 3661 est
1160 3602 1318 3662 brevioris
1333 3604 1414 3660 tem·

264 3701 361 3779 poris,
392 3699 513 3761 ferrum
531 3702 615 3761 enim
635 3719 653 3761 a
670 3699 759 3762 fumo
776 3703 952 3762 carbonum
976 3699 1156 3780 sulphureo
1179 3701 1334 3780 paulatim
1358 3719 1412 3761 ex-

264 3801 381 3863 editur.
420 3802 468 3862 Ad
484 3803 636 3878 quamvis
652 3802 809 3862 cortinam
833 3806 1072 3863 consumuntur
1099 3819 1134 3863 12
1158 3804 1210 3862 vel
1238 3817 1273 3878 13
1297 3802 1413 3863 corbes

263 3904 454 3978 carbonum,
473 3904 526 3980 qui
543 3921 561 3962 a
580 3901 727 3981 Principe
744 3903 875 3964 emitur.

306 4003 411 4081 Aliqui
427 4004 657 4079 observarunt,
676 4003 701 4063 si
719 4020 832 4062 verum
850 4003 904 4078 sit,
922 4007 1068 4083 tempore
1085 4003 1223 4079 aestatis,
1247 4007 1281 4063 et
1303 4002 1413 4082 praeci·

264 4121 325 4182 pue
342 4121 415 4164 cum
432 4110 562 4182 tempus
578 4104 723 4183 pluvium
740 4104 793 4178 sit,
811 4103 896 4179 quod
913 4103 1006 4164 ditior
1022 4103 1063 4164 sit
1075 4104 1207 4181 salsugo
1220 4107 1411 4179 quam-tem·

204 4269 210 4278 ,
265 4222 340 4283 pore
357 4205 503 4282 hyemali
514 4225 522 4281 ;
538 4205 618 4265 alias
634 4205 714 4265 libra
731 4205 828 4283 hujus
843 4220 939 4282 aquae
957 4219 972 4280 3
990 4203 1029 4264 ad
1048 4203 1085 4279 3l
1102 4203 1215 4263 uncias
1233 4203 1311 4264 salis
1334 4220 1412 4264 con-

213 4317 215 4322 ·
265 4306 359 4367 tinet.
