3524 5314
347 709 384 770 34
597 695 600 698 ’
710 692 768 756 DE
789 691 897 756 SALE
918 691 1134 756 COMMUNI

347 879 399 938 vel
416 879 559 956 longiora
577 879 602 938 si
619 878 775 956 planicies
795 873 883 955 [illa]
903 895 938 937 se
955 877 1104 938 extendit
1127 878 1158 937 in
1183 877 1309 955 longius
1333 878 1473 955 spatium
1490 897 1496 950 ;

350 982 461 1064 edrum
480 995 580 1038 unum
598 979 638 1038 ab
656 980 763 1039 altero
777 978 877 1038 distat
899 977 939 1038 ad
963 978 1063 1057 pedes
1086 989 1158 1038 200.
1205 977 1330 1037 Rursus
1353 978 1436 1037 inter
1459 995 1497 1036 ea

348 1077 431 1139 frunt
449 1093 464 1155 3
482 1078 586 1138 incilia
604 1071 815 1155 transversa3
837 1078 915 1155 quin
938 1077 1027 1139 fossa
1051 1078 1236 1157 principalis
1258 1077 1303 1138 sic
1326 1078 1444 1156 agitur,
1464 1083 1498 1137 ut

347 1195 451 1256 aquas
467 1195 486 1238 e
502 1183 619 1256 stagno
636 1179 773 1239 haustas
798 1177 972 1239 infundere
994 1179 1097 1257 possit
1118 1178 1148 1238 in
1166 1177 1284 1252 incilia,
1310 1183 1409 1255 alque
1427 1179 1496 1238 haec

349 1280 380 1339 in
397 1279 520 1339 salinas
535 1279 653 1356 quibus
666 1280 750 1340 inter
763 1278 869 1340 incilia
882 1279 1037 1358 planicies
1050 1280 1147 1357 plena
1160 1283 1223 1340 est.
1249 1277 1375 1344 ,Salinae
1387 1283 1497 1339 autern

349 1384 426 1439 sunt
442 1395 529 1440 areae
545 1379 584 1439 ad
602 1376 758 1440 modicam
777 1379 980 1440 altitudinem
999 1379 1176 1457 depressae‚
1190 1380 1274 1440 circa
1290 1396 1373 1457 quas
1388 1385 1497 1452 rerrae,

349 1477 1498 1559 exeiscumdeprimerentureffossae,velcumpurgarenturextractae,

349 1585 566 1658 aggerantur;
582 1585 682 1658 atque
699 1581 796 1641 etiam
814 1581 898 1668 inter
914 1598 1008 1640 areas
1024 1577 1109 1640 frunt
1131 1597 1267 1658 aggeres
1290 1580 1405 1660 pedem
1430 1581 1497 1654 alti,

348 1681 401 1758 qui
426 1681 570 1741 retinent
594 1697 697 1758 aquas
721 1681 752 1741 in
778 1698 835 1741 eas
858 1681 1032 1742 immissas.
1079 1681 1185 1741 incilia
1209 1682 1333 1742 habent
1349 1698 1417 1755 ora,
1443 1698 1499 1760 per

348 1797 422 1859 quae
455 1783 575 1858 [aquas
601 1782 713 1859 primae
739 1798 878 1858 quaeque
905 1797 991 1842 areae
1019 1781 1189 1860 recipiunt.
1247 1782 1340 1842 rireae
1369 1799 1498 1860 quoque

350 1882 558 1952 nabentem,
576 1899 632 1959 per
647 1883 738 1959 quae]
758 1899 852 1958 aquae
864 1899 981 1942 rursus
998 1899 1039 1942 ex
1055 1883 1125 1942 aliis
1140 1882 1171 1942 in
1188 1882 1269 1943 alias
1291 1888 1498 1961 permanant.

350 1982 537 2061 Praecipitur
548 1987 658 2042 autem
673 1983 881 2057 libramento,
897 1987 932 2043 ut
944 1999 1039 2060 aquae
1052 2000 1092 2041 ex
1105 1999 1182 2042 area
1195 1985 1225 2042 in
1239 1999 1349 2042 aream
1364 1982 1499 2043 influere

349 2089 382 2145 et
406 2100 478 2144 eam
501 2083 626 2161 replere
650 2083 787 2160 possint.
835 2083 891 2143 His
913 2083 1065 2142 omnibus
1089 2088 1177 2142 recte
1201 2088 1234 2143 et
1257 2083 1368 2143 ordine
1391 2082 1498 2156 factis,

348 2187 442 2264 septo
460 2184 586 2242 recluso
603 2183 744 2262 aperitur
761 2200 797 2243 os
813 2183 933 2260 stagni,
945 2183 1029 2260 quod
1051 2201 1154 2260 aquas
1178 2184 1319 2244 marinas
1331 2201 1404 2244 cum
1416 2201 1498 2261 aqua

350 2284 460 2365 pluvia
477 2285 529 2344 vel
546 2282 670 2343 fluviali
685 2284 860 2362 permistas
876 2284 1035 2358 continet,
1053 2301 1090 2343 ac
1101 2284 1207 2344 omnia
1220 2284 1324 2344 incilia
1336 2285 1500 2362 complen-

350 2391 415 2448 tur.
462 2383 589 2444 Deinde
606 2385 747 2463 aperitur
764 2401 800 2444 os
822 2384 935 2462 primae
957 2384 1116 2462 cujusque
1139 2402 1238 2460 areae,
1263 2401 1338 2462 quae
1361 2385 1501 2462 reliquas

350 2485 471 2547 talibus
488 2486 579 2562 aquis
596 2485 711 2563 replet.
758 2484 828 2560 llae,
846 2501 919 2544 cum
938 2486 1007 2544 sale
1038 2485 1068 2544 in
1086 2501 1182 2562 quem
1201 2486 1396 2560 densantur,
1413 2489 1500 2546 totas

350 2603 445 2647 areas
467 2585 735 2660 incrustaverint,
764 2585 842 2664 ipsae
865 2585 973 2646 denuo
1000 2586 1040 2645 ab
1064 2585 1216 2646 omnibus
1240 2587 1339 2646 rebus
1362 2585 1501 2646 terrenis

350 2671 541 2766 purgantur.
588 2684 670 2745 Tum
699 2703 810 2745 rursus
837 2685 939 2762 prima
965 2702 1105 2764 quaeque
1135 2703 1212 2746 area
1240 2687 1324 2747 incili
1355 2686 1499 2764 proxima

351 2785 493 2865 repletur
521 2786 702 2847 istiusmodi
733 2785 845 2863 aquis;
868 2803 942 2863 quae
966 2786 1205 2863 relinquuntur,
1230 2786 1333 2847 donec
1357 2787 1502 2866 plurimis

351 2903 463 2947 earum
482 2887 629 2965 partibus
645 2887 813 2962 tenuibuS,
831 2887 946 2947 ardore
968 2887 1044 2947 solis
1060 2885 1091 2946 in
1116 2887 1251 2947 halitum
1276 2888 1446 2948 conversis
1468 2892 1501 2946 et

350 2986 526 3065 dissipatiS,
556 2987 757 3064 aliquantum
782 2992 1005 3049 crassescant.
1063 2987 1136 3048 Mox
1178 2992 1290 3064 aperto
1313 3004 1368 3048 ore
1391 3004 1431 3047 ex
1462 3004 1499 3046 ea

351 3087 562 3166 emittuntur
583 3087 614 3145 in
652 3086 845 3161 secundam,
878 3087 932 3147 ubi
961 3104 1060 3164 quum
1092 3095 1180 3148 certo
1210 3088 1366 3165 temporis
1396 3087 1502 3166 spatio

311 3180 312 3185 ’
352 3180 544 3262 manserint,
558 3186 630 3264 ejus
640 3203 768 3264 quoque
782 3204 818 3247 os
831 3187 985 3266 aperitur,
1000 3194 1033 3248 ut
1044 3187 1074 3247 in
1086 3189 1215 3248 tertiam
1227 3204 1335 3248 aream
1351 3187 1500 3260 influant,

351 3288 382 3347 in
400 3305 463 3364 qua
480 3287 613 3347 tandem
638 3292 717 3347 toiae
741 3287 925 3365 spissantur
948 3289 979 3347 in
1003 3290 1119 3351 salem.
1166 3289 1260 3349 Areae
1284 3306 1362 3349 vero
1385 3289 1501 3348 iterum

351 3392 451 3465 atque
468 3388 598 3461 iterum,
613 3388 682 3447 sale
695 3392 860 3466 exempto,
876 3389 1009 3448 marinis
1025 3389 1118 3466 aquis
1133 3391 1350 3467 complentur.
1383 3389 1499 3449 Verum

351 3489 397 3548 sal
416 3487 529 3548 rastris
545 3487 659 3566 ligneis
675 3488 875 3564 corradetur,
894 3489 1014 3550 batillis
1029 3489 1167 3567 ejicitur.

880 3740 966 3804 XlV.

352 3904 511 3970 MODUS
558 3904 814 3970 PECULIARIS
852 3907 1093 3971 OBTlNENDl
1138 3911 1276 3972 SALEM
1315 3910 1500 3987 GntllAE,

354 4022 490 4086 CIRCA
515 4022 705 4087 MONTEM
729 4023 793 4087 ST.
817 4015 980 4087 MlCHliL
1005 4025 1105 4089 ETC.
1133 4027 1184 4088 ET
1209 4027 1500 4092 NORMANDIAE.

396 4190 494 4253 Circa
532 4197 676 4252 montem
716 4190 764 4253 st.
801 4193 916 4254 Michel
948 4195 988 4254 ab
1028 4213 1091 4256 uno
1126 4197 1228 4257 latere
1266 4215 1284 4257 a
1318 4196 1500 4258 Pontorson

352 4292 463 4352 videre
487 4292 562 4352 licet
587 4292 717 4352 modum
740 4294 901 4370 coquendi
924 4295 975 4354 vel
993 4296 1162 4357 obtinendi
1186 4298 1289 4357 salem
1314 4314 1355 4357 ex
1379 4297 1502 4376 spumis

353 4392 497 4467 marinis
525 4396 560 4453 ut
587 4392 713 4454 dicitur.
771 4391 884 4470 Quum
913 4395 999 4455 enim
1027 4413 1148 4474 aquaa
1177 4398 1267 4458 litore
1295 4402 1440 4474 emanat,
1469 4402 1502 4458 et

349 4490 541 4585 relinquitur
558 4492 634 4566 litus
661 4493 782 4566 nudum
800 4495 867 4572 (est
886 4495 972 4567 enim
997 4496 1073 4568 litus
1096 4499 1256 4578 repletum.
1279 4515 1380 4570 arena
1404 4497 1501 4572 albis,
