3442 5302
567 701 721 778 AQUAE
746 701 1011 768 CAROLINAE
1333 717 1387 758 121

187 886 289 950 valde
301 886 414 950 laxam
427 885 565 963 habere,
577 887 745 964 hujusque
758 886 893 950 unionis
911 883 1148 964 [principium]
1167 907 1241 950 esse
1254 887 1390 951 acidum

188 985 324 1050 subtile.
373 987 556 1050 Praeterea
587 987 732 1058 notavit,
765 985 815 1050 sal
846 987 949 1050 fixum
980 1008 1057 1051 cum
1088 987 1187 1051 acido
1217 986 1391 1064 sulphuris

188 1086 332 1150 mixtum
362 1086 416 1148 vel
447 1087 568 1162 spiritu
598 1086 746 1158 victrioli
771 1086 961 1150 rectificato
988 1087 1286 1150 effervescentiam
1315 1107 1392 1164 pro-

187 1187 326 1262 ducere;
355 1208 434 1250 cum
456 1196 556 1250 aceto
579 1186 659 1251 lorti
675 1187 904 1262 agitationem
920 1186 1080 1264 excitare,
1100 1186 1270 1264 hujusque
1287 1187 1391 1252 acidi-

185 1294 296 1350 tatem
318 1285 521 1350 imminuere
528 1308 535 1363 ;
557 1287 744 1351 tincturam
760 1286 978 1350 coralliorum
994 1308 1072 1350 cum
1096 1296 1196 1350 aceto
1212 1286 1389 1359 destillato

188 1394 346 1464 paratam
363 1386 397 1450 in
414 1386 590 1464 pulverem
607 1385 723 1450 album
741 1386 971 1471 precipitare
995 1386 1080 1450 oleis
1093 1409 1154 1464 per
1166 1408 1287 1451 suecos
1299 1387 1386 1464 citri,

187 1485 320 1563 lapathi
356 1486 459 1561 acuti,
492 1486 547 1551 vel
584 1487 736 1550 berberis
772 1486 964 1565 coagulatis
994 1487 1186 1564 pristinam¹
1205 1487 1389 1551 restituere

186 1587 406 1662 fluiditatem
429 1589 571 1664 ejusque
587 1586 796 1651 solutionem
811 1587 957 1662 coagulo
973 1586 1072 1650 lactis
1088 1587 1243 1663 affusam,
1262 1609 1391 1662 coagu-

186 1687 352 1750 lationem
375 1686 573 1751 dissolvere.
619 1689 733 1764 Atque
750 1707 790 1750 ex
806 1687 859 1749 his
875 1686 1034 1750 omnibus
1050 1686 1224 1751 concludit
1247 1687 1298 1750 sal
1322 1687 1388 1751 hoc

186 1787 289 1850 fixum
307 1787 463 1850 obtinere
481 1789 709 1851 characterem
724 1789 836 1850 alcali.
877 1789 981 1866 Jubet
998 1789 1102 1851 etiam
1119 1809 1228 1864 aquas
1245 1788 1306 1851 has
1323 1790 1387 1852 sub

186 1886 289 1950 radiis
315 1886 484 1958 solaribus
511 1907 710 1964 evaporare,
730 1896 764 1951 et
791 1897 872 1951 tunc
898 1887 1090 1951 contrarios
1114 1887 1289 1951 observari
1306 1887 1389 1952 dicit

186 1987 329 2050 effectus
359 1988 402 2050 ab
432 1986 498 2050 illis
528 2007 615 2063 quos
637 1987 708 2051 edit
731 1986 781 2050 sal
805 1988 1001 2064 evaporatis
1025 2008 1128 2064 super
1151 1987 1267 2062 ignem
1290 1987 1390 2064 aquis

184 2085 372 2162 residuum,
402 2086 485 2150 illud
508 2087 599 2152 enim
616 2085 766 2163 liquores
781 2087 898 2150 acidos
913 2087 948 2150 in
964 2087 1268 2151 fermentationem
1284 2087 1390 2150 sensi·

185 2187 289 2251 bilem
316 2207 385 2250 non
412 2206 546 2262 cogere,
566 2208 630 2250 nec
653 2187 843 2251 solutiones
869 2209 946 2251 cum
970 2187 1070 2251 acido
1096 2188 1207 2252 lactas
1223 2187 1391 2265 praecipi·

184 2294 269 2364 tare,
289 2308 353 2350 nec
377 2287 584 2351 fluiditatem
611 2287 791 2364 pristinam
816 2287 923 2353 mixto
950 2286 1133 2363 coagulato
1158 2288 1301 2351 reddere
1326 2289 1388 2351 ob·

184 2387 344 2450 servavit.
389 2387 579 2463 Postquam
602 2387 704 2463 igitur
726 2381 869 2450 Authorl
891 2408 999 2464 aquas
1021 2385 1083 2450 has
1106 2407 1170 2451 nec
1193 2388 1309 2451 acidas
1326 2407 1390 2451 nec

184 2485 344 2551 alcalicas
368 2507 442 2550 esse
467 2487 728 2561 demonstravit,
748 2486 781 2549 in
807 2508 848 2552 eo
873 2497 935 2563 est,
961 2497 998 2551 ut
1022 2487 1072 2550 sal
1092 2487 1390 2565 ‘hermaphroditi-

184 2579 288 2658 cum,.²
310 2587 352 2650 de
374 2587 472 2651 acido
502 2596 537 2651 et
566 2585 666 2651 alcali
697 2587 919 2666 participans,
945 2587 1012 2651 illis
1042 2587 1225 2652 inexistere
1250 2590 1385 2666 probet,

184 2686 287 2764 idque
313 2687 415 2751 variis
441 2687 679 2764 argumentisr
706 2682 755 2760 [1]
795 2687 968 2764 Quoniam
992 2709 1090 2765 aquae
1114 2709 1178 2752 nec
1194 2709 1272 2752 cum
1289 2688 1389 2752 acido

184 2809 248 2852 nec
272 2809 350 2850 cum
376 2787 457 2851 salis
483 2788 659 2865 cujusdam
687 2787 832 2851 lixiviosi
859 2787 1030 2851 solutione
1055 2788 1297 2865 effervescunt;
1333 2784 1383 2861 [2]

184 2885 349 2965 quoniam
364 2887 415 2953 sal
430 2881 587 2951 naturale
603 2907 786 2965 corporum
800 2897 1017 2951 externorum
1031 2875 1275 2967 impressiones
1288 2887 1388 2952 lacile

183 2987 335 3064 suscipit,
365 3009 386 3051 a
415 2987 592 3068 particulis
622 2987 709 3064 ignis
740 2996 900 3064 prompte
931 2987 1144 3060 dissociatur,
1171 3009 1210 3052 ac
1241 2997 1387 3066 propter

183 3088 296 3152 laxam
319 3089 368 3151 sui
386 3107 591 3166 compagem
607 3088 723 3152 acidas
738 3088 897 3165 deperdit
914 3088 1113 3165 particulas;
1142 3083 1192 3162 [3]
1223 3089 1387 3165 quoniam

182 3187 232 3252 sal
255 3188 348 3265 quod
368 3187 533 3251 lateribus
551 3189 727 3260 adhaeret,
747 3187 838 3251 inter
857 3188 1125 3265 evaporandum,
1146 3188 1216 3264 igni
1233 3187 1287 3252 vel
1303 3207 1386 3252 can-

181 3287 281 3352 delae
305 3289 465 3354 flammae
488 3289 652 3366 injectum
676 3289 846 3366 crepitum
863 3288 989 3352 excitat
1006 3287 1251 3366 flammamque
1268 3310 1388 3353 coeru-

183 3387 274 3451 leam
290 3387 412 3452 reddit.

575 3603 641 3679 [De
659 3607 833 3672 Carolinis
850 3601 995 3682 Aquis]

222 3790 456 3868 Hoffmannus
481 3791 520 3853 de
543 3791 718 3855 Carolz'nz's
741 3791 855 3866 Aquis
876 3792 926 3852 sic
942 3792 1067 3864 fatur:
1098 3789 1201 3866 Quod
1218 3789 1302 3854 salia
1318 3789 1385 3855 cal-

181 3891 308 3954 cariam
335 3891 565 3954 substantiam
593 3891 627 3952 in
654 3889 858 3953 societatem
881 3889 1078 3966 admittant,
1103 3890 1204 3954 facile
1228 3911 1388 3967 compro-

182 3989 253 4054 bari
279 3997 404 4068 potest.
455 3989 626 4067 Imprimis
651 3999 767 4054 autem
792 3989 842 4054 sal
867 4009 1049 4054 commune
1072 3990 1225 4054 culinare
1249 3991 1386 4054 uberius

182 4091 326 4155 eandem
352 4090 427 4168 alit3
460 4092 549 4154 unde
574 4091 621 4165 fit,
642 4093 735 4167 quod
750 4091 785 4154 in
802 4093 874 4168 ejus
890 4089 1058 4164 coctione,
1080 4091 1282 4167 praesertim
1301 4089 1386 4153 Hal-

175 4189 294 4265 lensiS,
325 4191 478 4272 cortinae
509 4190 673 4254 lateribus
696 4191 837 4268 copiose
864 4202 898 4255 et
922 4190 1065 4254 firmiter
1092 4211 1167 4254 sese
1191 4188 1385 4265 agglutinet

181 4290 316 4369 lapidea
344 4291 498 4365 materia,
530 4301 566 4355 ut
594 4291 699 4354 etiam
729 4291 871 4367 singulis
898 4291 1173 4354 hebdomadibus
1199 4289 1278 4365 igne
1308 4290 1387 4352 sub·

182 4391 296 4467 missu,
311 4413 388 4455 eam
404 4413 545 4455 exurere
562 4399 595 4454 et
613 4403 735 4468 postea
753 4390 884 4454 malleis
901 4400 1061 4454 excutere
1077 4400 1245 4466 cogantur
1260 4387 1386 4452 salina·
