3442 5302
359 743 417 790 112
713 725 771 790 DE
791 725 899 791 SALE
919 725 1136 792 COMMUNI

356 913 425 973 Alia
452 929 530 973 vero
556 895 694 991 insipida
719 913 920 988 substantia,
945 929 1019 990 quae
1045 931 1064 972 a
1089 913 1157 973 sale
1174 917 1358 992 separatur,
1376 914 1504 975 videtur

356 1013 483 1092 species
498 1013 648 1090 quaedam
665 1013 760 1091 gypsi
777 1011 898 1073 fossilis
914 1013 998 1073 inter
1015 1013 1140 1092 lapides
1163 1014 1352 1092 speculares
1369 1031 1505 1076 enume-

356 1114 431 1188 rari,
449 1114 546 1192 hujus
563 1113 648 1173 enim
667 1112 780 1192 lapidis
795 1114 904 1192 pulvis
919 1115 960 1174 ab
978 1113 1048 1192 ipso
1064 1130 1221 1191 aquarum
1245 1114 1430 1176 sedimento
1445 1133 1503 1176 nec

355 1213 480 1291 fulgore
496 1211 617 1288 differt,
635 1214 693 1288 et‘,
711 1213 892 1274 mutatione
909 1231 946 1273 ac
959 1214 1218 1293 praecipitatione
1241 1213 1415 1276 infusionis
1437 1217 1500 1294 gal·

356 1316 472 1390 larum,
489 1315 584 1393 cujus
600 1307 686 1375 color
701 1315 840 1375 obscure
857 1312 949 1375 rufus
964 1331 1023 1374 seu
1048 1315 1150 1392 niger,
1173 1315 1307 1390 dilutus,
1335 1333 1398 1376 non
1426 1316 1505 1376 indi·

355 1420 419 1486 cat,
439 1415 616 1492 utquidam
634 1414 761 1490 volunt,
786 1415 996 1475 chalcantum
1013 1416 1108 1492 aquis
1125 1415 1249 1492 inesse;
1271 1415 1421 1477 fortassis
1439 1434 1502 1477 non

355 1517 450 1577 deest
466 1515 573 1593 aliqua
592 1515 664 1575 nitri
681 1515 795 1594 porti0,
812 1515 896 1592 quod
914 1531 955 1574 ex
973 1520 1070 1576 acuto
1086 1533 1203 1594 sapore
1225 1517 1303 1577 salis
1325 1517 1504 1578 inexisten-

354 1618 397 1678 tis
413 1616 568 1688 innuitur,
588 1620 687 1693 atque
701 1633 741 1676 ex
759 1633 871 1675 earum
896 1615 1079 1677 sedimento
1102 1617 1133 1677 in
1158 1617 1325 1679 sublimati
1341 1616 1503 1680 infusione

355 1718 505 1778 ruborem
522 1716 685 1794 quendam
708 1716 921 1777 ostendente.¹

398 1819 430 1878 ln
447 1817 518 1877 aliis
533 1814 720 1878 Lucensibus
734 1815 863 1879 Balneis
878 1821 912 1877 et
934 1816 1063 1894 quidem
1087 1817 1118 1877 in
1142 1817 1212 1896 ipso
1235 1815 1326 1879 fonte
1348 1817 1502 1903 Poqqalto,

355 1918 460 1979 Parvo
486 1917 589 1978 Puteo
610 1917 708 1992 dicto,
734 1917 764 1976 in
786 1918 1021 1977 thermometro
1054 1928 1093 1994 50
1115 1918 1273 1995 graduum
1297 1935 1334 1994 41
1366 1921 1502 1996 gradum

354 2019 496 2096 attingit.
541 2017 573 2077 ln
590 2017 667 2096 ipsis
683 2017 772 2078 tubis
787 2033 905 2094 aquam
930 2014 1179 2078 effundentibus
1208 2019 1248 2079 ad
1280 2035 1319 2100 39
1340 2024 1373 2081 et
1397 2036 1454 2098 40;
1472 2021 1502 2081 in

356 2119 478 2180 Balneo
500 2118 716 2178 Faeminarum
741 2122 840 2194 atque
865 2117 896 2177 in
922 2118 991 2196 ipso
1015 2134 1173 2195 aquarum
1198 2119 1306 2195 alveo,
1339 2121 1380 2182 ad
1407 2133 1502 2198 37¹3&l

353 2219 488 2298 gradum
517 2218 687 2280 attollitur.
734 2218 865 2296 Agitato
888 2216 990 2279 fundo
1016 2218 1116 2296 ipsius
1142 2218 1237 2280 Parvi
1261 2219 1366 2297 Putei,
1394 2224 1503 2300 plures

353 2336 461 2380 aereae
485 2320 617 2380 bullulae
641 2318 680 2378 ad
703 2335 860 2396 aquarum
885 2317 1090 2395 superficiem
1116 2317 1318 2397 efferuntur3
1347 2326 1449 2399 atque
1471 2324 1502 2384 in

351 2420 453 2482 fundo
469 2421 569 2499 ipsius
592 2419 700 2480 balnei
724 2419 860 2479 materia
882 2419 1032 2495 quaedam
1058 2425 1219 2481 unctuosa
1242 2438 1279 2482 ac
1305 2423 1501 2485 bituminosa

353 2522 536 2600 aeruginoso
573 2520 679 2580 colore
716 2520 818 2580 diluto
846 2520 1008 2595 subsidet,
1036 2520 1203 2598 aeneisque
1230 2537 1387 2599 aquarum
1415 2526 1502 2586 tubis

351 2627 498 2684 tartarea
526 2621 623 2681 etiam
656 2620 793 2680 materia
818 2619 1053 2680 ferruminatur
1076 2638 1226 2700 saporem
1251 2621 1400 2684 referens
1431 2626 1503 2687 nitri

353 2723 444 2799 salis,
482 2721 568 2800 quod
593 2721 691 2782 etiam
723 2721 754 2780 in
782 2721 851 2798 ipso
877 2721 986 2781 balnei
1012 2719 1171 2782 fornicato
1197 2739 1296 2801 opere
1329 2726 1500 2803 reperitur.

354 2825 456 2902 Aquae
472 2839 551 2883 vero
569 2821 730 2883 Vill'enses
756 2821 935 2881 immixtam
960 2821 1096 2882 victrioli
1125 2820 1322 2884 infusionem
1353 2828 1500 2904 turbant,

354 2925 537 3002 leniterque
553 2921 715 2984 tiavedine
732 2921 875 2999 tingunt,
894 2922 1030 2983 materia
1060 2923 1153 2983 simul
1171 2923 1288 2984 leniter
1313 2923 1400 2986 flava
1428 2929 1502 2988 sub-

354 3026 492 3087 sidente.
538 3021 625 3084 Cum
642 3023 818 3083 sublimato
834 3023 889 3082 vix
905 3023 1078 3102 albescunt
1089 3043 1096 3099 ;
1119 3039 1192 3084 cum
1209 3025 1281 3085 oleo
1309 3029 1422 3088 tartari
1440 3029 1504 3089 lac-

353 3133 482 3188 tescere
499 3124 663 3199 videntur,
681 3127 803 3184 etcum
827 3139 911 3200 aqua
934 3140 1081 3184 rosarum
1104 3125 1291 3202 albescere;
1322 3143 1393 3187 curn
1419 3146 1502 3208 aqua

354 3227 506 3288 aluminis
523 3242 586 3286 non
603 3225 832 3299 immutantur,
850 3240 908 3284 nec
925 3240 998 3284 cum
1011 3241 1096 3301 aqua
1108 3225 1266 3302 gallarum
1290 3228 1501 3293 sensibiliter.

356 3326 499 3406 Copioso
515 3326 699 3386 sedimento
715 3323 846 3385 refertae
862 3328 951 3400 sunt,
968 3325 1053 3402 quod
1071 3341 1112 3384 ex
1132 3341 1169 3405 19
1183 3326 1272 3386 libris
1287 3344 1446 3404 aquarum
1463 3331 1502 3391 ad

358 3444 395 3504 14
416 3427 622 3488 denariorum
639 3425 768 3505 pondus
783 3425 925 3485 elicitum
942 3429 995 3485 est
1011 3425 1134 3500 album,
1153 3426 1347 3504 lucensque,
1364 3435 1502 3510 excepta

353 3529 501 3608 portione
516 3527 655 3603 quadam
671 3526 831 3587 lateribus
853 3542 1005 3586 vasorum
1030 3525 1223 3598 inbaerente,
1248 3544 1322 3605 quae
1338 3532 1503 3592 communi

354 3646 439 3706 aqua
455 3629 561 3689 soluta
577 3628 717 3687 obscura
732 3624 780 3687 fit.
826 3623 1052 3686 Sedimentum
1078 3627 1138 3686 boc
1155 3631 1206 3688 est
1221 3630 1347 3707 saporis
1372 3631 1501 3692 intense

354 3729 446 3805 salsi;
468 3728 553 3805 quod
570 3727 707 3788 victrioli
722 3742 841 3804 aquam
857 3727 944 3786 clara
961 3724 1061 3787 inficit
1076 3725 1253 3802 flavedine,
1270 3730 1349 3790 salis
1364 3747 1501 3809 gemmae

353 3831 393 3890 ad
410 3830 526 3903 instar,
542 3828 594 3888 cui
606 3829 704 3888 etiarn
722 3827 877 3887 materies
892 3826 1094 3905 praecipitata
1111 3828 1299 3906 respondet.
1345 3829 1433 3892 Cum
1450 3849 1502 3893 su·

353 3931 488 3991 blimato
505 3929 644 3989 albescit
661 3945 724 3988 non
740 3944 838 3988 secus
854 3944 891 3987 ac
908 3928 955 3988 sal
972 3944 1123 4006 gemmae.
1170 3926 1268 4005 Quod
1291 3932 1339 3991 sal
1362 3949 1501 4010 gemmae

354 4030 543 4091 Vilensibus
566 4028 659 4106 aquis
681 4028 768 4103 insit,
793 4027 897 4092 cubici
920 4028 1093 4107 chrystalli
1130 4045 1147 4089 e
1170 4030 1333 4092 solutione
1355 4031 1386 4092 in
1417 4050 1501 4112 aqua

353 4133 517 4193 communi
533 4128 622 4190 facta
634 4129 735 4207 ipsius
747 4128 921 4189 sedimenti
937 4133 1190 4190 concrescentes
1201 4132 1395 4209 ostendunt;
1411 4140 1502 4196 ante·

352 4249 450 4310 quarn
467 4248 545 4292 vero
561 4230 709 4309 ejusdem
726 4229 897 4290 solutionis
912 4230 1026 4291 cbarta
1040 4229 1173 4291 filtratae
1188 4229 1282 4293 fieret
1298 4231 1500 4312 evapor'ati0‚

353 4334 437 4394 intra
452 4333 563 4411 plures
579 4331 649 4391 dies
664 4331 770 4390 visum
799 4335 852 4390 est
875 4330 905 4390 in
930 4331 998 4409 ipso
1011 4331 1124 4416 lixivio
1148 4348 1266 4411 corpus
1290 4333 1453 4411 quoddam
1470 4337 1500 4396 in

352 4435 551 4524 chrystallos
568 4432 651 4493 nitro
674 4431 798 4492 similes
822 4433 1022 4493 coalescere.
1068 4431 1194 4493 Etenim
1224 4436 1285 4496 hoc
1306 4437 1354 4496 sal
1381 4437 1454 4498 nitri
1470 4438 1500 4498 in

353 4535 482 4599 modum
505 4533 709 4617 liquescebat
732 4537 850 4617 praeter
872 4548 1022 4617 saporem
1045 4533 1168 4597 salsum
1192 4539 1403 4620 acutumque,
1429 4554 1501 4603 cum
