3524 5314
341 763 500 830 COCTIO
520 762 641 828 SALIS
661 761 716 825 EX
736 761 865 841 AQtlA
887 759 1100 827 FONTANA
1122 761 1281 827 HALLIS.
1353 763 1390 826 61

245 951 400 1013 inlocum
418 951 554 1011 camini:
579 967 608 1024 a,
628 953 679 1008 est
695 947 813 1008 dictum
828 947 1003 1023 orificium;
1026 947 1057 1023 b,
1080 951 1132 1008 est
1155 948 1275 1026 janua3
1293 948 1325 1024 lc,
1344 955 1396 1011 est

243 1051 359 1114 fornax
376 1067 545 1131 perquam
563 1048 674 1110 tumus
690 1048 757 1109 exit
767 1069 775 1124 ;
791 1049 934 1127 parietes
949 1048 1066 1108 camini
1089 1048 1260 1110 interiores
1290 1051 1396 1111 incur·

245 1158 327 1214 vant
339 1170 375 1213 se
392 1168 510 1212 versus
525 1149 631 1211 iocum
657 1150 709 1209 vel
734 1147 885 1223 fundum,
910 1148 995 1226 quod
1021 1148 1132 1209 videre
1159 1149 1235 1212 licet
1258 1150 1290 1210 in
1307 1167 1392 1228 cccc,

245 1254 326 1314 adeo
343 1258 379 1314 ut
394 1252 488 1313 iocus
504 1251 546 1311 sit
562 1250 655 1311 modo
674 1265 689 1325 3
706 1250 824 1328 pedum
849 1267 866 1308 a
883 1249 999 1326 quovis
1016 1250 1130 1325 latere,
1148 1249 1205 1310 sed
1222 1252 1360 1312 altitudo
1376 1269 1395 1329 4

245 1354 363 1432 pedum
381 1371 399 1413 a
415 1351 487 1413 ioco
504 1352 541 1428 b;
559 1351 589 1411 in
616 1350 688 1411 foco
715 1350 760 1410 sic
786 1354 974 1410 constructo
1000 1347 1075 1410 ferit
1097 1349 1229 1411 flamma
1256 1350 1393 1413 fundum

245 1455 333 1515 vasis
349 1453 537 1530 aequaliter:
553 1451 663 1511 tumus
687 1467 744 1530 per
765 1449 931 1511 fornacem
955 1448 975 1510 l<
1002 1450 1161 1527 educitur,
1187 1458 1221 1512 et
1242 1452 1316 1515 dein
1338 1471 1395 1532 per

244 1555 379 1615 canales
401 1552 526 1614 ferreos
555 1556 646 1614 trans
676 1552 811 1612 alteram
843 1555 967 1629 partem
999 1551 1114 1612 domus
1139 1552 1170 1612 in
1200 1570 1264 1630 qua
1295 1554 1395 1614 sicca-

246 1660 297 1716 tur
323 1655 384 1716 sal.

288 1756 337 1815 Ab
354 1754 524 1815 autoribus
540 1753 620 1812 allas
639 1756 789 1836 notatum
804 1757 874 1828 est;
890 1751 975 1828 quod
988 1752 1103 1812 eadem
1117 1754 1290 1831 salsugoin
1303 1755 1393 1817 tonte

246 1856 298 1930 sit,
322 1855 476 1932 quamvis
492 1853 641 1932 pluviosa
658 1847 717 1912 vel'
728 1851 817 1912 arida
842 1856 1026 1930 tempestas
1051 1859 1184 1930 regnet;
1210 1854 1296 1916 unde
1321 1873 1393 1917 cum

246 1955 339 2032 aquis
354 1954 553 2034 pluvialibus
570 1954 621 2012 vel
647 1952 847 2014 torrentibus
873 1954 995 2013 nullum
1022 1955 1252 2014 commercium
1279 1957 1392 2018 lrabet.

246 2055 361 2116 Salsus
376 2055 507 2132 quidam
533 2053 775 2131 Leeburgensis
791 2054 894 2127 lacuS,
911 2053 1010 2114 distat
1026 2068 1044 2113 2
1061 2056 1101 2114 ab
1120 2053 1202 2114 liala
1219 2056 1392 2135 lapidibus,

246 2156 408 2216 dimidium
427 2155 561 2215 milliare
578 2154 609 2213 in
626 2153 875 2231 longitudinem,
893 2154 932 2214 ad
948 2169 1011 2215 200
1029 2156 1113 2231 quod
1130 2157 1274 2216 excurrit
1299 2158 1395 2220 ulnas

244 2257 275 2317 in
293 2257 497 2317 latitudinem
514 2239 728 2333 protenditur,
738 2259 771 2314 et
786 2254 978 2330 quibusdam
997 2256 1028 2315 in
1046 2255 1123 2317 locis
1136 2256 1315 2317 altissimus
1331 2264 1394 2322 est.

247 2355 394 2417 Contluit
410 2355 442 2416 in
460 2357 546 2416 hunc
562 2373 647 2433 aqua
664 2360 729 2416 tam
747 2371 787 2414 ex
804 2355 1050 2434 quamplurimis
1067 2356 1169 2416 dulcis
1185 2360 1301 2433 aquae¹
1325 2378 1395 2420 sca-

245 2457 439 2535 turiginibus
454 2473 552 2534 quam
566 2456 663 2516 etiam
690 2473 731 2515 ex
753 2456 926 2533 adjacente
951 2457 1034 2516 dulci
1052 2457 1136 2532 lacu,
1155 2461 1188 2517 et
1213 2474 1324 2520 rursus
1340 2479 1397 2540 per

245 2559 359 2618 alveos
371 2557 527 2634 quosdam
539 2554 652 2632 effluit,
670 2573 706 2616 ac
724 2556 855 2616 tandem
873 2557 905 2615 in
923 2557 1039 2632 rivum,
1058 2556 1150 2617 Salza
1168 2558 1301 2636 dictum,
1320 2563 1395 2637 coit,

245 2659 298 2737 qui
325 2659 356 2718 in
385 2657 493 2719 Salam
522 2655 713 2719 effunditur.
761 2656 832 2719 Una
848 2673 943 2734 aquae
967 2674 1008 2718 ex
1036 2659 1096 2718 boc
1122 2659 1192 2719 lacu
1217 2660 1397 2740 depromtae

246 2776 400 2820 mensura
418 2758 525 2836 3salis
541 2758 714 2818 drachmas
730 2757 989 2836 comprehendit,
1007 2763 1040 2818 et
1054 2758 1235 2821 mirandum
1260 2768 1323 2836 est,
1346 2782 1396 2824 sa-

245 2861 306 2920 lem
325 2861 356 2920 in
374 2876 412 2921 eo
430 2877 490 2920 nec
507 2859 618 2937 augeri
636 2875 695 2918 nec
712 2858 869 2934 imminui,
888 2859 963 2918 licet
978 2859 1019 2919 ab
1036 2859 1158 2936 aliquot
1174 2863 1269 2923 annis
1284 2880 1397 2936 quam-

246 2961 392 3040 plurima>
408 2976 565 3037 aquarum
595 2958 779 3019 refusiones
803 2963 944 3020 tractum
971 2961 1057 3020 bunc
1083 2959 1285 3024 inundarint.
1332 2965 1397 3024 ble-

248 3061 403 3122 motabile
432 3061 539 3120 adhuc
570 3064 633 3134 est,
664 3059 749 3136 quod
775 3059 806 3119 in
834 3060 912 3120 locis
941 3076 1015 3136 quae
1046 3062 1262 3138 scaturigines
1292 3065 1397 3126 salino

247 3163 411 3222 elemento
427 3161 556 3240 parcius
572 3161 715 3220 imbutas
732 3161 899 3236 emittunt,
922 3162 1024 3220 herba
1045 3162 1194 3238 quaedam
1213 3163 1398 3242 singularis,

246 3278 394 3340 saporem
413 3263 535 3322 salsum
552 3261 718 3335 obtinenS,
736 3265 936 3337 succrescat,
956 3264 1091 3321 vocatur
1117 3264 1187 3322 lraec
1213 3263 1327 3343 Kaly²3
1352 3284 1399 3325 re·

246 3363 362 3440 digitur
379 3363 453 3422 talis
469 3362 571 3422 herba
588 3361 619 3421 in
636 3361 763 3421 cineres
780 3366 813 3421 et
829 3363 875 3421 sal
893 3362 986 3421 alcali
1003 3362 1231 3424 indeelicitur.

287 3463 552 3540 Antequissimus
568 3461 642 3523 lons
659 3467 710 3522 est
732 3461 785 3540 qui
809 3461 925 3523 dicitur
956 3459 1085 3540 Gutgar
1102 3465 1153 3523 vel
1187 3464 1395 3543 Vandalicus,

247 3565 332 3624 altus
349 3567 402 3623 est
417 3575 453 3640 45
474 3561 572 3638 ulnis,
590 3562 621 3622 in
639 3562 760 3623 arctius
777 3579 907 3641 semper
923 3563 1063 3641 spatium
1088 3564 1164 3639 coit,
1193 3564 1399 3645 circumposi-

247 3664 287 3725 tis
303 3669 370 3724 tam
387 3663 419 3722 in
436 3663 602 3742 superiore
618 3680 714 3740 quam
732 3664 763 3723 in
781 3663 888 3723 media
905 3663 1035 3740 regione
1051 3665 1245 3743 sarmentis;
1262 3667 1398 3728 interius

247 3769 297 3826 est
325 3764 578 3841 circumquaque
608 3765 777 3824 tabulatus
808 3768 841 3824 et
870 3764 902 3824 in
933 3762 1075 3824 interiori
1112 3763 1212 3826 lundo
1243 3768 1397 3828 craticula

247 3865 437 3940 instructus,
452 3881 508 3942 per
523 3879 634 3941 quam,
649 3864 675 3924 si
688 3865 811 3942 pertica
827 3864 976 3942 adigitur,
988 3864 1149 3943 nigricans
1162 3870 1195 3926 et
1208 3867 1321 3928 limosa
1334 3870 1397 3929 col-

248 3966 352 4026 luvies
368 3967 494 4026 subest.
532 3964 563 4025 ld
580 3963 659 4044 prae'
675 3965 805 4042 reliquis
822 3963 872 4025 hic
889 3963 963 4025 lons
975 3965 1172 4044 praecipuum
1190 3967 1396 4045 habet,quod

247 4065 400 4143 salsilago
424 4081 659 4142 nonnunquam
684 4065 903 4126 turbulentior
927 4065 1060 4141 existat,
1086 4067 1240 4143 majorem
1266 4073 1398 4146 spargat

248 4166 438 4241 odorem,ac
452 4163 558 4226 effusa
574 4165 714 4226 validius
730 4183 864 4244 spumas
881 4170 969 4243 agat,
980 4183 1076 4242 quam
1091 4167 1282 4244 plerumque
1298 4169 1394 4244 solet,

248 4267 330 4345 quod
347 4266 435 4343 liqui
453 4266 484 4326 in
502 4267 573 4344 ejus
589 4266 718 4327 actione
734 4265 882 4326 collocati
898 4271 988 4342 sunt,
1014 4271 1250 4345 tempestatum
1273 4269 1397 4328 vicissi-

247 4367 349 4429 tudini
366 4367 502 4444 caelique
526 4366 697 4428 mutationi
720 4366 864 4427 tribuere
886 4371 1064 4444 satagunt.
1111 4367 1202 4426 Alter
1233 4366 1306 4427 lons
1335 4371 1396 4430 den

250 4465 402 4530 Teusclren
413 4470 560 4542 vocatur,
575 4467 809 4546 depressiorem
828 4467 925 4526 situm
943 4467 1081 4541 obtinet,
1096 4467 1286 4526 versusima
1299 4471 1396 4546 porri-

249 4567 329 4647 gitur
345 4569 385 4629 ad
404 4568 443 4646 36
458 4568 599 4632 cubitos,
644 4567 736 4630 Vena
752 4567 823 4647 ejus
836 4584 877 4627 ex
890 4584 968 4628 euro
984 4567 1161 4644 aquilonari
1173 4568 1268 4646 plaga
1280 4585 1396 4646 prove·
