3442 5302
607 717 743 782 SPIRI
747 717 777 779 T
779 716 837 782 US
861 717 1001 780 SALIS
1098 701 1100 706 ⁵
1349 729 1408 790 147

204 921 283 968 cum
298 899 423 965 dicitur
438 899 542 976 abire,
562 899 797 965 substantiam·
815 899 971 976 salinam,
991 921 1095 978 super
1116 901 1303 964 carbonem
1319 899 1407 976 igni-

205 1009 279 1066 tum
302 999 619 1076 colliqueseentem,
640 999 933 1075 inflammabilem,
954 1021 1042 1076 quae
1065 1009 1137 1064 tam
1154 1000 1188 1063 in
1204 1021 1283 1064 aere
1301 1022 1407 1076 quam

206 1099 241 1165 in
256 1099 335 1175 igne
350 1100 565 1178 deliquescit,
583 1099 699 1164 colore
715 1099 886 1176 coerule0,
902 1101 946 1164 ad
961 1100 1104 1167 viridem
1120 1099 1319 1164 inclinante.
1480 1091 1481 1096 ¹

249 1201 351 1276 Quod
367 1200 458 1264 idem
474 1221 552 1264 cum
568 1209 714 1276 argento
730 1200 865 1276 accidit,
885 1199 949 1264 nisi
966 1201 1059 1276 quod
1081 1199 1177 1264 color
1200 1199 1405 1278 pellucidus,

207 1301 317 1364 instar
330 1299 460 1364 succini
476 1299 590 1364 citrini
605 1300 660 1364 sit.

250 1400 371 1465 Flores
396 1400 541 1490 arsenici
566 1410 601 1464 et
627 1401 872 1478 auripigmenti
898 1401 933 1464 in
959 1400 1070 1464 simile
1096 1402 1258 1478 butyrum
1282 1401 1409 1477 redigit

208 1500 348 1579 spiritus
364 1501 455 1566 salis
525 1562 527 1568 s
634 1573 636 1576 ¹

249 1601 289 1664 In
306 1600 512 1666 Mercurium
529 1600 660 1678 vulgari
677 1600 859 1665 solutionis
872 1601 1038 1665 methodo
1054 1602 1129 1666 fere·
1142 1600 1226 1665 nihil
1242 1611 1408 1678 operatur

150 1757 152 1762 .
207 1701 272 1765 nisi
288 1701 491 1765 diuturniori
514 1711 684 1779 tempore,
705 1710 739 1765 et
758 1701 824 1766 hoc
846 1711 983 1766 tanturn
999 1703 1062 1766 sub
1085 1701 1311 1766 consistentia
1326 1722 1406 1766 con-

207 1801 418 1878 centratiori,
452 1801 645 1878 digestione
682 1811 923 1878 concurrente;
956 1801 1004 1866 sic
1040 1803 1182 1867 tandem
1220 1802 1408 1866 mercurius

206 1901 359 1976 solvitur,
390 1909 495 1978 atque
519 1923 581 1979 per
603 1896 895 1966 sublimationem¹
917 1910 1101 1978 utrumque
1124 1901 1159 1966 in
1182 1900 1405 1965 sublimatum
1508 1895 1509 1898 '

208 2001 324 2065 album
341 2001 507 2065 ascendit.

175 2121 176 2126 ¹
249 2101 403 2173 Zincum,
436 2123 456 2164 a
486 2101 608 2179 spiritu
637 2101 727 2176 salis
756 2102 790 2165 in
820 2111 934 2173 totum
959 2100 1113 2178 solvitur,
1143 2100 1340 2178 solutioque
1367 2102 1407 2166 fit

206 2200 359 2277 limpida.
1114 2286 1116 2290 .

249 2301 412 2378 Sulphuri
441 2324 519 2365 cum
549 2301 768 2365 combinatur
796 2301 932 2367 acidum
969 2300 1050 2365 salis
1080 2300 1164 2365 illud
1194 2301 1405 2378 pellucidum

104 2445 106 2450 ,
206 2401 328 2476 reddit,
347 2401 456 2464 instar
471 2400 644 2478 sulphuris
659 2401 817 2478 virginei;
833 2409 939 2478 atque
962 2401 1028 2465 hoc
1052 2401 1155 2464 modo
1171 2395 1227 2464 ab²
1243 2401 1406 2466 omnibus

207 2501 362 2578 partibus
393 2500 574 2565 metallicis
604 2510 639 2565 et
669 2500 900 2577 mineralibuS‚
934 2501 969 2564 in
998 2501 1081 2578 ipsis
1118 2495 1266 2571 floribus
1292 2502 1409 2566 adhue

207 2601 413 2689 commixtis
432 2601 598 2664 liberatur
612 2610 717 2677 atque
735 2623 856 2678 purum
873 2601 1054 2677 colligitur.

250 2700 308 2764 Sal
324 2722 507 2765 commune
523 2700 577 2764 vel
602 2703 673 2778 ejus
696 2701 836 2780 spiritus
859 2702 996 2765 Lunam
1019 2700 1168 2766 solutam
1185 2723 1247 2778 per
1268 2701 1408 2766 acidum

206 2800 285 2865 nitri
309 2800 516 2878 praecipitat
539 2801 573 2863 in
597 2802 713 2866 album
738 2801 928 2879 pulverem,
953 2801 1010 2878 qui
1035 2802 1237 2876 elixiviatuS,
1257 2801 1410 2867 siccatus

206 2909 311 2977 atque
327 2901 405 2977 igne
421 2901 516 2964 fusus
533 2902 669 2965 Lunam
687 2903 861 2965 Cornuam
877 2901 1067 2966 constituit.
1210 2985 1211 2990 ἵ

249 3001 398 3078 Spiritus
413 3000 493 3064 salis
509 3001 543 3064 in
559 3001 674 3078 specie
691 3022 727 3064 se
743 3002 843 3065 terris
859 3001 1032 3075 calcareis
1053 3001 1174 3065 melius
1196 3001 1237 3064 iis
1261 3003 1403 3078 exustis.

205 3099 271 3178 ipsi
293 3101 379 3164 calci
401 3101 510 3175 vivae,
530 3101 579 3188 ita
602 3101 723 3164 intime
746 3100 910 3164 cohaeret
926 3123 1003 3164 eam
1026 3100 1203 3177 solvendo,
1224 3109 1259 3165 ut
1277 3123 1407 3191 novum

208 3201 351 3265 mixtum
367 3201 566 3266 constituat.

249 3301 359 3364 Solvit
377 3301 481 3364 etiam
498 3301 605 3377 bolos
626 3321 754 3378 eosque
771 3300 885 3364 colore
903 3301 1015 3378 privat

249 3401 359 3465 Solvit
381 3395 811 3478 lapidemcalaminarem,
837 3422 944 3477 seque
966 3401 1000 3464 in
1022 3401 1098 3479 ipso
1122 3411 1336 3477 concentrat,
1355 3401 1406 3467 ita

206 3510 243 3565 ut
274 3495 309 3574 ss
343 3510 469 3578 partes
503 3522 565 3578 per
594 3500 864 3565 destillationem
894 3503 1101 3578 abstractae,
1127 3501 1296 3580 insipidae
1327 3524 1407 3579 pro-

205 3602 324 3677 deant;
355 3602 475 3665 relicto
506 3601 583 3665 oleo
613 3601 734 3678 spisso
767 3600 963 3666 avidissime
993 3595 1236 3665 humiditatem
1266 3623 1405 3665 aeream

205 3701 401 3778 arripiente,
431 3700 704 3777 deliquescente;
731 3723 799 3778 qua
825 3708 943 3764 tamen
974 3721 1043 3764 non
1071 3701 1320 3779 praecipitatur
1343 3703 1404 3766 sed

205 3800 348 3878 limpida
375 3810 492 3866 manet
518 3801 659 3877 soluti0;
687 3802 779 3876 quod
802 3801 1012 3865 contrarium
1035 3801 1159 3865 accidit
1182 3824 1261 3866 cum
1284 3802 1404 3877 regulo
1470 3827 1472 3830 ·

209 3899 390 3964 antimonii
407 3899 530 3964 solutu.

249 4001 399 4078 Spiritus
414 3999 495 4063 salis
511 4000 613 4064 solvit
630 4009 743 4064 cretas
760 4008 793 4063 et
810 4000 906 4064 albas
919 4008 952 4063 et
969 4000 1150 4066 coloratas,

248 4100 358 4163 Solvit
376 4121 521 4176 mergas
541 4121 700 4165 saxorum
717 4100 894 4174 medullas
914 4100 986 4165 luta
1002 4101 1106 4176 varia,
1121 4101 1243 4178 quibus
1258 4099 1405 4164 aciditas

206 4200 409 4264 obtunditur
429 4196 537 4277 [plus]
559 4200 740 4277 minusque
757 4221 819 4277 pro
834 4200 1003 4265 varietate
1019 4201 1272 4265 solvendorum.

248 4299 358 4364 Solvit
389 4300 495 4365 etiam
523 4301 780 4377 quodammodo
806 4299 939 4377 lapides
965 4301 1069 4378 ipsos.
1088 4301 1404 4364 tamvitrescentes

205 4419 309 4474 quam
325 4399 503 4476 calcarios;
523 4422 563 4463 ex
580 4399 749 4477 prioribus
766 4400 880 4478 potius
897 4409 1031 4478 partem
1049 4401 1222 4476 quandam
1239 4397 1399 4473 extrahit,
