3442 5302
270 748 543 815 nnsrnrfrno
564 750 685 814 snus
708 750 947 815 communis
968 723 1254 819 memnona
1321 775 1364 842 97

209 935 321 1010 risata;
337 935 420 1011 ignis
436 952 612 1013 prunarum
630 936 683 1011 sit,
698 940 731 997 et
748 937 817 996 loco
830 936 1018 1016 recipientis
1031 945 1237 1018 apponantur
1254 960 1364 1023 recep·

207 1036 315 1095 tacula
331 1035 481 1112 quaedam
499 1037 665 1114 plumbea3
694 1036 779 1097 unde
795 1035 897 1096 refert
921 1054 984 1098 non
1002 1039 1096 1100 modo
1120 1041 1265 1119 spiritum
1287 1045 1365 1104 salis

208 1135 345 1196 obtineri
362 1135 419 1196 sed
437 1135 535 1196 eiiam
558 1135 656 1196 tiores
678 1153 783 1213 acres,
810 1137 864 1214 qui
880 1137 1066 1200 inserviunt
1091 1140 1122 1200 in
1150 1143 1364 1205 extrahendis

208 1236 351 1296 mineris
398 1235 472 1296 Duo
488 1236 643 1314 plumbea
670 1254 752 1297 vasa
768 1242 845 1298 sunt
861 1239 1067 1317 apponenda,
1086 1257 1186 1301 unum
1210 1242 1295 1304 intra
1318 1246 1363 1306 al-

207 1342 326 1412 terum;
354 1336 385 1396 in
413 1337 565 1398 exteriori
592 1338 633 1398 sit
655 1354 740 1414 aqua
756 1337 882 1416 frigida,
911 1339 942 1399 in
969 1357 1033 1417 qua
1061 1343 1283 1419 reponendum
1310 1351 1363 1407 est

207 1437 359 1514 alterum;
386 1441 519 1516 putatur
546 1441 624 1498 tunc
651 1439 808 1517 majorem
835 1440 960 1519 copiam
977 1440 1124 1520 spiritum
1150 1443 1289 1506 obtineri
1305 1463 1362 1526 per

208 1536 522 1616 refrigerationem*.
1365 1562 1367 1567 ·

248 1637 295 1700 De
317 1637 431 1717 spiritu
446 1638 524 1701 salis
538 1655 607 1699 cum
623 1640 687 1701 oleo
708 1638 857 1702 uictrioli.
897 1639 1082 1704 Destillatio
1108 1645 1240 1723 spiritus
1263 1647 1362 1725 huius

208 1756 279 1798 curn
296 1739 368 1799 oleo
385 1739 522 1799 victrioli
538 1740 658 1817 optime
675 1741 784 1818 peragi
801 1745 910 1819 potest
936 1759 977 1802 ex
993 1744 1162 1805 cucurbita
1184 1746 1289 1808 vitrea
1305 1765 1361 1827 per

207 1839 415 1915 alembicum3
432 1857 506 1900 nam
522 1844 655 1918 propter
670 1841 836 1918 ingentem
854 1839 1145 1906 effervescentiam
1163 1850 1196 1906 et
1211 1863 1361 1926 spumam

209 1957 270 2001 non
288 1940 456 2001 commode
483 1957 524 2000 ex
552 1944 672 2000 retorta
695 1946 805 2020 potest
828 1940 896 2002 fieri
919 1943 1107 2021 destillatio,
1125 1947 1277 2023 quoniam
1296 1966 1361 2010 me·

205 2041 364 2102 tuendum
396 2045 458 2116 est,
492 2058 532 2101 ne
560 2058 676 2119 spuma
705 2043 931 2105 transcendat.
975 2044 1110 2105 Additur
1137 2047 1239 2125 portio
1266 2065 1361 2126 aquae

205 2143 398 2217 communis,
415 2157 489 2219 quae
504 2141 687 2218 ingressum
720 2142 936 2204 acidlvirrioli
958 2144 990 2203 in
1008 2146 1086 2206 salis
1115 2149 1298 2210 communis
1316 2149 1361 2210 in·

205 2244 323 2302 teriora
339 2242 487 2320 adjuvat,
506 2248 605 2319 atque
622 2241 704 2303 adeo
721 2241 829 2318 efficit,
848 2247 884 2303 ut
906 2244 1039 2323 spiritus
1056 2247 1168 2324 majori
1184 2249 1275 2328 copia
1291 2267 1363 2329 pro·

205 2343 272 2402 dire
298 2342 413 2422 possit.
461 2341 506 2402 Ex
534 2347 655 2403 retorta
682 2347 793 2422 potest
823 2341 893 2404 fieri
920 2344 1122 2424 rectificati03
1153 2349 1197 2408 ita
1228 2351 1360 2428 spiritus

205 2442 335 2521 profluit
350 2460 391 2502 ex
408 2441 495 2503 ssavo
512 2443 634 2518 viridis,
651 2444 706 2521 qui
731 2444 896 2522 genuinus
913 2446 986 2523 ejus
1002 2447 1088 2507 color
1104 2453 1167 2524 est,
1199 2455 1232 2510 et
1248 2456 1360 2529 partes

205 2545 381 2606 crassiores
411 2559 452 2603 ex
479 2543 570 2604 acido
597 2544 732 2605 victrioli
758 2544 907 2606 infundo
931 2552 1116 2624 remanent,
1134 2549 1361 2630 lutum¹tingit

205 2647 310 2706 colore
326 2662 429 2707 roseo·
1085 2639 1087 2643 Α

248 2741 335 2807 Leni
349 2748 456 2809 calore
480 2749 578 2809 etiarn
596 2748 717 2810 Mariae
733 2748 851 2808 balneo
867 2749 1072 2810 transcendit
1094 2750 1302 2829 alembicum,
1327 2759 1361 2815 et

207 2865 246 2908 ex
262 2848 384 2926 apertis
400 2849 492 2910 vitris
508 2849 553 2910 ita
569 2849 714 2922 exhalat,
743 2853 779 2908 ut
806 2848 898 2908 brevi
914 2852 1018 2910 totum
1046 2851 1203 2911 conclave
1221 2854 1358 2931 repleat,

206 2953 239 3009 et
254 2950 325 3010 sine
341 2950 419 3010 salis
435 2951 617 3011 communis
628 2949 791 3010 additione
805 2966 862 3028 per
875 2950 934 3010 boc
948 2949 1074 3011 acidum
1088 2949 1274 3014 firmissima
1291 2955 1360 3016 auri

206 3067 380 3129 compages
396 3050 530 3112 dissolvi
546 3055 665 3130 potest.

247 3151 385 3231 Spiritus
401 3151 450 3211 hic
467 3151 507 3212 ad
527 3167 562 3212 12
578 3151 717 3230 partium
735 3151 867 3230 spiritus
878 3150 944 3210 vini
961 3150 1221 3213 rectificatissimi
1237 3153 1360 3216 admix-

206 3253 327 3313 tionem
345 3249 449 3313 dulcis
465 3252 587 3327 evadit,
604 3251 711 3313 odoris
727 3256 760 3313 et
776 3252 902 3330 saporis
918 3251 1101 3329 gratissimi.

237 3450 300 3518 *[E
315 3451 450 3517 margine]
487 3453 571 3506 Aliter
582 3467 615 3506 ex
629 3451 693 3506 Ddo
713 3450 878 3506 Boerhavio:
914 3451 986 3506 Salis
1007 3453 1112 3517 marini,
1125 3455 1301 3521 purissimum
1315 3456 1357 3510 de·

205 3536 336 3604 crepitat,
350 3536 438 3589 unciae
450 3551 476 3600 4,
489 3536 539 3589 olei
553 3536 678 3599 victrioli,
689 3535 785 3589 unciae
804 3551 817 3602 3
831 3537 914 3602 ve143
928 3536 1093 3590 misceantur
1104 3551 1165 3590 cum
1179 3553 1252 3605 aqua
1264 3541 1358 3605 pluvia

206 3621 292 3674 unciae
304 3635 329 3684 4.
365 3619 423 3674 Hoc
437 3620 547 3673 mistum
562 3619 721 3674 affundatur
742 3619 792 3673 sali
806 3622 911 3673 marino
924 3621 951 3672 ln
974 3622 1082 3686 retorta,
1095 3621 1217 3675 oriuntur
1229 3623 1288 3689 lpso
1302 3639 1356 3677 mo·

207 3707 295 3758 mento
308 3705 375 3758 fumi
390 3704 454 3768 albi,
469 3720 484 3757 a
497 3703 597 3770 quibus
609 3703 762 3758 cavendum
775 3708 826 3768 est,
850 3704 983 3768 simulque
1003 3705 1087 3757 oritur
1098 3705 1216 3760 ebullitio
1228 3709 1254 3760 et
1274 3708 1357 3762 calor.

206 3787 360 3855 Applicetur
372 3789 502 3854 recipiens
515 3787 648 3854 amplum,
661 3787 709 3841 fiat
725 3788 870 3841 destillatio
891 3803 925 3840 ex
938 3801 1020 3840 arena
1033 3802 1079 3854 per
1099 3789 1214 3856 gradus;
1235 3792 1357 3845 oriuntur

205 3874 290 3938 primo
303 3873 371 3926 fumi
392 3872 457 3936 albi,
477 3872 498 3924 si
520 3872 592 3936 ignis
611 3873 637 3924 ln
657 3886 794 3925 summum
816 3871 932 3936 gradum
953 3874 1079 3936 augetur,
1093 3872 1137 3938 qui
1159 3873 1318 3938 colligentur
1329 3876 1355 3928 ln

205 3957 327 4023 spiritum
349 3957 458 4023 penitus
477 3955 595 4020 acidum,
617 3956 660 4022 qui
684 3955 806 4022 spiritum
830 3955 897 4009 salis
918 3955 1013 4008 marini
1028 3955 1116 4020 refert,
1138 3960 1164 4010 et
1177 3956 1242 4010 nihil
1254 3957 1287 4012 de
1299 3958 1356 4011 oleo

204 4041 318 4094 victrioli
333 4041 411 4105 gerit,
426 4042 455 4093 ut
466 4043 550 4107 patet,
564 4054 627 4092 nam
642 4040 664 4092 si
678 4040 789 4105 spiritus
801 4039 916 4093 victrloll
935 4037 1085 4093 affunditur
1097 4040 1200 4108 spiritui
1211 4041 1287 4106 salis,
1301 4057 1355 4095 non

205 4125 286 4178 solvit
304 4140 412 4187 aurum,
433 4123 476 4178 hic
495 4122 597 4176 autem⁹
617 4125 727 4190 spiritus
748 4123 830 4176 solvit
851 4137 948 4176 aurum
969 4124 1094 4191 perfecte.
1132 4124 1190 4178 Hoc
1214 4125 1309 4191 spiritu
1322 4126 1356 4179 ad

204 4221 283 4274 opera
296 4208 341 4262 ubl
355 4209 465 4275 spiritus
479 4208 544 4261 salis
558 4207 698 4272 requiritur
710 4207 747 4260 uti
760 4208 882 4274 potestis,
903 4210 929 4260 et
948 4205 978 4264 nt
996 4209 1051 4261 tam
1073 4207 1145 4266 iacili
1168 4209 1287 4277 negotio,
1311 4209 1355 4264 ubl

204 4291 270 4348 allas
284 4305 393 4347 summo
406 4293 470 4361 igne
482 4304 552 4363 opus
564 4294 614 4350 est.
