3524 5314
133 1857 191 1898 salis

133 3610 176 3648 Per
184 3611 291 3657 hyemem

132 3661 155 3698 ot
170 3657 245 3706 frigus

346 724 383 768 10
715 708 773 770 DE
794 709 901 772 SALE
923 709 1137 773 COMMUNI

343 893 490 952 rotundae
521 897 555 953 ut
583 893 629 968 K;
653 909 817 971 praepares
840 893 898 955 tibi
934 895 1044 954 lixivia
1078 895 1196 956 diversi
1233 897 1375 973 generiS,
1414 912 1487 973 quae

343 995 395 1052 vel
422 1009 448 1068 1,
472 1009 504 1068 2,
531 1009 558 1070 3,
583 1010 612 1068 4,
639 1005 653 1071 5
678 995 730 1053 vel
752 993 772 1052 6
794 994 945 1054 lothones
966 996 1043 1055 salis
1065 997 1096 1055 in
1120 1013 1215 1073 aquae
1239 1013 1304 1056 una
1328 997 1407 1056 libra
1435 997 1486 1056 vel

347 1093 378 1152 in
405 1110 469 1154 uno
500 1110 594 1170 aquae
628 1096 785 1154 cantharo
816 1094 1019 1170 contineant,
1052 1101 1085 1156 et
1112 1113 1212 1157 unum
1244 1101 1318 1175 post
1348 1098 1487 1157 alterum

342 1193 513 1271 ponderes,
532 1200 565 1254 et
579 1195 610 1254 in
625 1199 720 1255 vecte
732 1201 789 1254 tuo
801 1199 924 1255 annota
936 1195 967 1254 in
985 1214 1015 1257 a.
1031 1197 1061 1256 b.
1081 1213 1108 1258 c.
1128 1196 1158 1258 d.
1174 1214 1200 1256 e.
1219 1199 1270 1257 vel
1288 1196 1311 1258 1.
1324 1213 1396 1258 cum
1414 1212 1441 1271 r,
1456 1212 1485 1272 2,

344 1310 372 1369 3,
390 1310 420 1371 4,
441 1295 576 1372 5,ve16
599 1296 750 1356 lothones
773 1296 850 1355 salis
873 1297 1053 1371 contineat,
1079 1302 1111 1357 et
1128 1298 1171 1358 sic
1189 1302 1295 1375 poteS,
1321 1297 1488 1358 levissima

342 1411 451 1473 opera,
467 1413 596 1474 semper
607 1395 688 1455 scire
704 1401 868 1473 quantum¹
878 1397 955 1457 salis
966 1397 1008 1458 sit
1020 1397 1050 1457 in
1065 1414 1150 1474 aqua
1163 1414 1219 1476 per
1233 1399 1353 1458 nudam
1368 1402 1401 1458 et
1414 1399 1487 1476 sirn-

341 1497 455 1573 pllcem
473 1496 760 1574 ponderationem;
777 1497 904 1557 sienim
922 1499 1023 1557 semel
1041 1499 1252 1558 annotaveris
1268 1499 1487 1576 quantitatem

341 1597 372 1657 ir.
397 1601 505 1672 vecte,
524 1597 614 1674 sique
638 1597 751 1658 eodem
777 1599 911 1658 vasculo
933 1615 1061 1676 semper
1085 1600 1198 1672 utaris,
1228 1598 1394 1660 levissima
1418 1603 1487 1659 arte

341 1697 479 1758 habebis
495 1713 590 1774 aquae
604 1698 836 1775 quantitatem.

134 1805 330 1849 persolutionem
386 1811 432 1858 10.
480 1796 1486 1877 SidestituarisinstrumentiS,bilancibusetvecte,etaquam

293 1967 295 1971 ,
340 1899 478 1960 salinam
497 1899 705 1959 nihilominus
722 1900 803 1960 velis
819 1900 969 1979 experiri,
988 1917 1081 1961 sume
1097 1905 1174 1960 tunc
1198 1917 1316 1977 aquam
1333 1900 1418 1961 illam
1436 1918 1484 1961 sa-

341 1999 452 2075 linam,
472 2004 504 2060 et
521 2000 613 2069 mitte
630 2001 661 2060 in
685 2001 770 2060 illam
795 2001 1004 2077 aliquantumv
1022 2001 1111 2076 salis,
1137 2007 1170 2062 et
1193 2000 1421 2078 circumagites
1437 2002 1484 2061 sal

341 2100 415 2160 dum
433 2101 574 2161 solutum
592 2101 645 2176 sit,
663 2106 823 2177 quantum
841 2101 923 2162 solvi
947 2103 1060 2180 possit.
1106 2100 1170 2162 Sed
1193 2107 1371 2179 antequam
1396 2102 1486 2161 insti·

341 2201 406 2260 tuis
422 2201 482 2261 hoc
499 2203 760 2281 experimentum
778 2202 920 2280 pondera
937 2219 1054 2280 aquam
1078 2207 1167 2263 tuam
1185 2203 1335 2276 salinam,
1361 2207 1393 2262 et
1409 2219 1487 2280 pon·

342 2300 419 2361 dera
443 2303 490 2361 sal
514 2302 599 2378 quod
616 2301 780 2378 immittis;
804 2319 875 2362 cum
893 2304 1003 2379 itaque
1019 2303 1161 2364 solutum
1186 2303 1227 2363 sit
1251 2304 1298 2363 sal
1322 2308 1483 2380 quantum

340 2401 387 2461 ibi
405 2403 507 2480 possit
524 2403 618 2477 solvi,
637 2403 742 2462 exime
760 2403 917 2480 reliquum
934 2403 1020 2480 quod
1036 2403 1118 2463 solvi
1136 2420 1200 2464 non
1217 2404 1336 2482 possit,¹
1359 2405 1425 2480 [et]
1446 2421 1486 2462 ex

341 2503 485 2581 pondere
503 2503 621 2562 residui
638 2503 715 2563 salis
731 2503 834 2563 habes
850 2505 960 2564 statim
977 2508 1135 2580 quantum
1153 2505 1295 2564 solutum
1320 2503 1373 2564 sit.
1420 2504 1482 2566 Νο-

341 2609 411 2663 tum
441 2604 526 2663 enim
557 2607 608 2663 est
636 2604 721 2680 quod
750 2604 781 2664 in
807 2621 871 2664 una
896 2605 976 2664 libra
999 2620 1093 2680 aquae
1116 2605 1199 2664 solvi
1222 2606 1347 2682 possint
1380 2620 1413 2664 11
1447 2604 1486 2664 ad
1523 2588 1525 2593 ’

345 2719 380 2762 12
411 2705 562 2765 lothones
592 2705 682 2779 salle,
714 2704 740 2764 si
770 2721 845 2782 ergo
871 2721 934 2765 non
966 2704 1025 2765 nisi
1050 2720 1065 2782 3
1090 2705 1155 2765 sint
1177 2707 1296 2780 soluta,
1331 2721 1389 2764 nec
1420 2721 1486 2764 am·

341 2805 425 2882 plius
454 2805 536 2865 solvi
573 2810 721 2884 possunt,
754 2805 881 2883 signum
913 2810 964 2865 est
993 2805 1078 2882 quod
1109 2805 1139 2864 ln
1178 2822 1262 2882 aqua
1293 2809 1350 2865 tua
1381 2805 1484 2864 salina

341 2906 463 2966 fuerint
476 2917 499 2985 'q
513 2904 581 2965 fere
598 2895 750 2966 lothones
767 2905 862 2981 salis,
879 2905 905 2976 si
921 2905 1017 2966 soluti
1041 2905 1106 2966 sint
1129 2923 1148 2981 4
1171 2906 1334 2980 lothones,
1359 2906 1486 2982 signum

342 3012 393 3068 est
407 3007 492 3084 quod
508 3007 527 3068 8
542 3006 610 3066 iere
622 3007 772 3071 lothones
785 3004 907 3067 luerint
918 3006 950 3066 in
961 3022 1046 3082 aqua
1060 3011 1127 3066 tua.
1175 3004 1260 3066 Cum
1278 3005 1363 3065 enim
1376 3006 1487 3082 regula

342 3109 383 3168 sit
399 3108 484 3185 quod
501 3107 541 3167 ad
557 3111 679 3167 certam
696 3107 914 3184 quantitatem
940 3108 986 3166 sal
1005 3107 1106 3184 possit
1129 3107 1223 3181 solvi,
1248 3101 1321 3166 hinc
1346 3121 1386 3165 ex
1404 3106 1488 3166 solu-

340 3211 428 3270 tione
445 3208 523 3268 salis
539 3207 570 3267 in
588 3225 672 3285 aqua
689 3208 793 3268 salina
817 3209 986 3286 explorare
1003 3211 1096 3284 potes
1118 3212 1276 3284 quantum
1301 3205 1379 3267 salis
1400 3206 1487 3285 prius

341 3311 418 3369 inibi
434 3307 544 3370 tuerit.
591 3306 653 3368 Sed
669 3307 911 3369 observandum
929 3307 1094 3386 est,'quod
1110 3323 1231 3385 genere
1249 3307 1326 3366 salis
1349 3307 1485 3384 optimo¹

342 3411 455 3485 utaris,
467 3409 492 3469 sl
504 3409 588 3469 enim
601 3409 804 3469 alcolisatum
818 3409 872 3483 sit,
887 3413 965 3468 tunc
977 3409 1079 3485 maior
1091 3407 1258 3485 quantitas
1270 3407 1352 3467 solvi
1365 3412 1485 3486 potest,

341 3527 438 3589 quam
456 3511 482 3570 si
500 3527 563 3570 non
581 3509 784 3569 alcolisatum
801 3509 854 3570 sit.

386 3628 430 3674 11.
475 3609 635 3688 Tempore
667 3610 816 3688 hyberno
846 3615 939 3688 potes
969 3611 1138 3689 explorare
1168 3626 1225 3686 per
1249 3609 1353 3686 ipsum
1385 3608 1485 3686 frigus

340 3712 558 3790 quantitatem
570 3711 647 3771 salis
663 3711 694 3770 in
705 3727 790 3787 aqua
803 3711 959 3786 contenti,
974 3728 1036 3771 non
1051 3710 1142 3770 aliter
1159 3726 1195 3769 ac
1210 3714 1356 3786 tempore
1370 3709 1486 3769 aestivo

342 3831 398 3893 per
415 3814 574 3889 calorem,
591 3828 673 3890 aqua
691 3811 776 3871 enim
793 3795 896 3871 dulcis
912 3812 943 3871 in
960 3811 1095 3888 glaciem
1113 3811 1192 3885 abit,
1212 3827 1275 3870 non
1300 3825 1378 3869 vero
1402 3825 1485 3885 aqua

342 3915 458 3988 salina,
477 3914 549 3973 hinc
567 3912 669 3973 dulcis
685 3929 770 3990 aqua
785 3917 941 3989 tanquam
959 3916 1110 3991 separata
1127 3929 1145 3970 a
1162 3928 1222 3970 sua
1241 3909 1406 3970 salsedine
1419 3909 1486 3970 abit

342 4017 373 4078 in
408 4015 544 4092 glaciem
562 4030 634 4073 cum
659 4014 831 4092 exponitur
854 4013 893 4073 ad
918 4015 1084 4091 hyemem.
1132 4009 1219 4071 Cum
1251 4028 1327 4088 ergo
1355 4028 1414 4070 vas
1446 4010 1487 4070 sit

342 4118 484 4195 amplum
509 4120 542 4174 et
557 4115 663 4192 frigus
680 4114 859 4189 intensum,
887 4114 977 4174 brevi
1001 4120 1147 4191 ternpore
1171 4113 1231 4172 hoc
1255 4109 1404 4186 efficitur,
1429 4111 1486 4171 sed

342 4234 445 4295 usque
461 4221 572 4277 tamen
591 4219 733 4276 nontam
751 4219 904 4275 accurate
917 4232 954 4274 ac
968 4231 1023 4293 per
1041 4218 1158 4273 aestum
1173 4213 1325 4273 solarem.
1373 4211 1486 4271 Plures

343 4318 485 4378 methodi
508 4317 697 4396 explorandi
720 4332 837 4393 aquam
862 4315 998 4376 salinam
1031 4315 1083 4373 vel
1115 4313 1272 4392 probandi
1303 4313 1389 4372 illam
1418 4312 1485 4372 dari

342 4425 490 4500 possunt,
508 4419 565 4480 sed
575 4421 649 4496 qula
660 4417 864 4479 sufficiuntur
874 4416 1051 4495 praedictae,
1064 4415 1204 4493 reliquas
1220 4413 1385 4493 praeterire
1399 4414 1484 4474 volo.

385 4519 479 4585 Circa
502 4521 711 4605 probationes
734 4536 890 4601 aquarum
915 4518 1091 4580 salinarum
1121 4515 1218 4581 etiam
1243 4513 1485 4578 observandum
