3442 5302
433 699 702 764 DESTILLATIO
723 700 843 764 SALIS
865 701 1103 766 COMMUNIS
1313 717 1351 786 95

212 883 285 944 dam
311 884 432 956 album,
457 884 542 961 quod
567 885 716 963 usurpari
737 889 847 963 potest
869 886 937 946 loco
960 887 1036 946 salis
1060 889 1242 948 communis
1272 889 1354 949 circa
1443 903 1448 912 ’

212 985 395 1059 esculenta,
420 985 571 1062 quamvis
594 987 701 1046 acrius
725 986 926 1062 aliquantum
944 987 997 1048 sit.
1044 985 1200 1064 Quidam,
1225 991 1355 1050 nomine

212 1085 394 1164 Selgnette,
413 1087 649 1164 Apothecarius
665 1087 695 1146 in
714 1086 880 1161 Rochelle,
907 1087 1043 1148 retertur
1060 1088 1236 1149 advexisse
1252 1091 1354 1150 salem

210 1186 373 1264 quendam
392 1187 563 1263 marinum,
582 1204 668 1248 anno
688 1187 776 1262 1672,
794 1188 847 1264 qui
863 1188 987 1264 absque
1005 1189 1145 1248 mixtura
1161 1190 1268 1266 aliqua
1284 1191 1356 1252 des·

209 1287 346 1362 tillatuS,
363 1287 507 1348 adhibito
524 1288 597 1365 igne
620 1288 701 1348 satis
728 1288 890 1362 mediocri,
917 1292 950 1349 et
965 1289 1068 1366 spatio
1091 1304 1109 1348 2
1133 1291 1283 1351 horarum
1315 1310 1355 1352 ex

209 1387 350 1448 6unciis
370 1388 448 1447 salis
472 1388 502 1448 in
530 1392 650 1448 retorta
672 1389 855 1448 obtinuisse
882 1387 920 1465 3}
944 1389 1057 1449 uncias
1074 1389 1206 1467 spiritus
1230 1392 1355 1470 optimi;

211 1488 380 1549 materiam
398 1505 475 1549 vero
492 1488 652 1548 residuam
670 1498 741 1566 post
757 1489 947 1549 tractionem
972 1493 1103 1550 retortae
1126 1489 1165 1562 al
1188 1492 1355 1552 unciarum

210 1588 240 1648 in
258 1605 338 1648 vase
354 1589 492 1665 quodam
519 1589 691 1667 argillaceo
714 1589 780 1649 aeri
796 1594 909 1668 aperto
926 1590 1107 1668 expositam
1134 1588 1236 1652 luisse
1252 1593 1356 1671 spatio

214 1700 246 1765 15
264 1688 402 1763 dierum,
420 1689 538 1750 exinde
554 1691 701 1778 spiritum
715 1689 817 1750 iuisse
833 1690 1032 1751 destillatum
1050 1690 1163 1751 eadem
1181 1709 1253 1751 cum
1271 1710 1356 1754 com·

211 1789 365 1849 moditate
382 1794 416 1849 ut
432 1790 532 1868 prius,
547 1794 580 1850 et
595 1791 777 1850 obtentum¹
791 1788 894 1850 luisse
907 1790 1071 1851 dimidium
1086 1792 1212 1870 pondus
1224 1793 1357 1871 spiritus

209 1889 262 1966 qui
278 1907 372 1967 aeque
388 1889 479 1952 lortis
495 1889 597 1950 luisse
613 1890 726 1952 dicitur
749 1895 783 1950 ut
799 1891 894 1969 prior.
941 1891 1076 1952 Materia
1093 1893 1207 1951 iterum
1227 1894 1355 1954 residua

211 1991 275 2050 aeri
292 1991 392 2052 libero
409 1992 557 2069 exposita
580 1993 696 2052 iterum
716 1992 820 2069 potuit
836 1991 991 2051 destillari
1015 1996 1048 2052 et
1064 1992 1138 2052 inde
1154 1993 1285 2072 spiritus
1301 1995 1356 2055 ob-

209 2091 316 2153 tineri.
342 2091 436 2152 Drius
452 2093 604 2152 inventor
623 2091 792 2169 Seignette
810 2092 924 2152 novies
941 2093 1078 2152 eandem
1097 2094 1266 2153 materiam
1284 2095 1356 2155 des·

210 2191 358 2253 tillationi
375 2193 557 2271 subjecisse
569 2192 660 2253 dixit.
699 2191 763 2254 Sed
780 2209 884 2271 genus
901 2194 960 2254 hoc
979 2194 1056 2253 salis
1074 2212 1137 2255 non
1156 2196 1290 2272 vulgare
1307 2200 1358 2256 est

210 2292 267 2352 sed
289 2291 463 2369 factitium,
488 2311 592 2370 usque
616 2299 726 2353 tamen
750 2293 947 2353 simillimum
971 2295 1029 2353 sali
1047 2295 1209 2355 communi
1227 2297 1357 2356 velma·

211 2392 288 2453 rino.
336 2395 441 2471 Aliqui
462 2396 608 2470 tradunt,
632 2411 673 2454 ex
694 2393 764 2453 sale
789 2395 874 2454 bene
902 2393 1102 2472 decrepitato
1126 2399 1159 2455 et
1175 2412 1230 2473 per
1247 2398 1375 2475 plures·

210 2493 324 2554 diesin
342 2512 417 2555 aere
435 2495 589 2574 reposito,
608 2499 642 2554 et
657 2494 728 2554 sine
746 2494 886 2554 mixtura
903 2494 1079 2569 destillato,
1098 2496 1279 2557 obtinuisse
1295 2497 1357 2576 spi·

210 2594 303 2654 ritum
321 2595 414 2674 priori
431 2596 567 2656 similem
586 2601 619 2656 et
632 2595 663 2656 in
680 2594 795 2654 eadem
812 2593 881 2654 lere
895 2595 998 2673 copia.
1044 2593 1108 2656 Sed
1125 2613 1227 2672 usque
1244 2602 1355 2658 tamen

210 2712 272 2755 non
284 2696 411 2756 videtur
427 2697 560 2775 spiritus
572 2713 628 2775 per
641 2696 727 2756 illam
741 2696 827 2754 viam
841 2695 966 2774 prodire
978 2695 1034 2756 sed
1049 2695 1202 2776 [acidum]
1215 2696 1354 2759 debilem

209 2800 241 2855 et
256 2797 433 2874 phlegmati
450 2797 600 2871 similem,
620 2800 813 2856 remanente
830 2797 898 2856 sale
921 2796 952 2855 in
970 2800 1105 2858 retorta.
1151 2796 1289 2876 Spiritus
1305 2799 1355 2858 hic

208 2896 284 2956 salis
300 2897 398 2957 solvit
413 2915 527 2957 aurum
545 2895 706 2970 loliatum,
732 2896 816 2973 quod
846 2897 959 2973 nequit
975 2913 1059 2972 aqua
1076 2895 1177 2956 tortis.
1223 2897 1354 2960 Edulco-

210 2997 270 3056 rari
296 3002 407 3076 potest
433 2998 565 3075 spiritus
590 2998 640 3058 hic
671 2997 748 3057 salis
772 3014 829 3075 per
854 2996 1002 3075 spiritum
1034 2997 1112 3058 vini.
1160 2997 1356 3075 Hucusque

210 3097 398 3159 l'Emmeri.

249 3197 344 3259 Drius
361 3198 499 3274 Febure,
518 3198 548 3258 in
566 3197 783 3276 descriptione
808 3197 1037 3258 destillationis
1054 3198 1163 3276 hujuS,
1187 3199 1262 3260 dicit
1278 3201 1356 3260 mix·

208 3304 311 3359 turam
340 3300 417 3360 salis
434 3304 467 3360 et
493 3299 556 3359 boli
584 3298 702 3358 dictam
728 3298 910 3358 humectari
935 3298 1055 3358 debere
1081 3316 1136 3376 per
1159 3300 1353 3360 solutionem

207 3399 284 3460 salis
299 3399 364 3460 iusi
380 3404 413 3460 et
428 3399 460 3459 in
476 3401 558 3459 cella
575 3399 687 3476 liquati
703 3415 774 3458 cum
792 3415 889 3475 aqua,
904 3399 973 3459 loco
985 3399 1070 3475 quod
1089 3399 1267 3460 L'Emmeri
1280 3400 1356 3461 dicit
1411 3438 1413 3443 -

207 3517 262 3578 per
278 3517 395 3578 aquam
421 3500 579 3579 pluviam;
606 3499 757 3576 quodque
778 3499 899 3576 globuli
926 3500 977 3558 vel
1003 3504 1098 3577 pasta
1123 3500 1154 3560 in
1180 3500 1252 3578 igne
1269 3500 1354 3562 turni

209 3601 375 3679 cujusdam
402 3601 458 3661 sed
482 3600 570 3661 lento
595 3600 718 3660 debent
734 3599 859 3661 siccari.
906 3597 1071 3660 Globulus
1088 3601 1187 3661 etiam
1205 3619 1354 3680 rumpen-

209 3702 266 3762 dus
296 3706 348 3762 est
379 3706 413 3761 ut
443 3700 620 3780 experiaris
648 3717 723 3759 num
751 3701 893 3760 siccatus
920 3699 963 3759 sit
989 3699 1028 3759 ad
1056 3705 1205 3760 centrum
1237 3720 1351 3780 usque.

209 3800 312 3863 Docet
328 3802 426 3862 etiam
447 3801 478 3860 ln
505 3818 605 3860 unum
624 3801 833 3880 recipientem
858 3787 1010 3879 phlegma
1030 3800 1125 3860 simul
1151 3805 1184 3861 et
1206 3802 1352 3880 spiritum

209 3904 377 3977 extollere,
396 3901 453 3962 sed
470 3901 543 3962 dein
561 3919 714 3980 separare
731 3901 805 3961 inde
821 3902 973 3979 phlegma
989 3901 1019 3960 in
1037 3901 1204 3961 cucurbita
1217 3919 1276 3980 per
1288 3903 1353 3964 bal·

210 4021 303 4064 neum
330 4003 465 4080 Mariae3
493 4008 570 4062 tunc
595 4003 732 4082 primum
756 4003 906 4062 elevatur
932 4001 1064 4079 spiritus
1091 4002 1232 4062 volatilis
1248 4003 1354 4064 odoris

209 4104 384 4184 sulphurei,
403 4108 436 4164 et
451 4103 503 4180 qui
520 4103 639 4164 format
655 4121 759 4163 venas
775 4103 913 4163 subtiles
929 4105 962 4161 et
978 4102 1125 4178 obliquas
1141 4102 1172 4162 in
1189 4103 1353 4181 capitello;

208 4221 370 4282 quumque
397 4208 558 4283 apparent
587 4221 684 4264 venae
708 4208 817 4278 rectae,
849 4206 882 4262 et
908 4200 1089 4263 formantur
1116 4207 1218 4279 guttae
1248 4203 1353 4265 odoris

209 4305 373 4384 cujusdam
400 4309 566 4383 experteS,
593 4309 670 4365 tunc
697 4303 873 4364 mutandus
898 4306 950 4362 est
976 4302 1147 4381 recipiens,
1171 4307 1206 4362 ut
1228 4304 1352 4364 scilicet

209 4406 391 4466 obtineatur
407 4405 571 4483 phlegma.
618 4404 736 4482 Augen
753 4409 830 4463 tunc
848 4402 930 4480 ignis
947 4401 1057 4477 debet,
1074 4402 1231 4482 quoniam
1245 4401 1351 4463 diffici-

209 4504 265 4566 lius
275 4507 424 4566 elevatur
437 4522 532 4582 quam
547 4504 680 4584 spiritus
694 4504 846 4578 volatilis;
861 4518 1028 4580 quumque
1038 4506 1140 4580 guttae
1163 4501 1349 4564 aciditatem
