3524 5314
477 743 637 810 MODUS
660 736 896 809 obtinentur
914 741 1060 810 SALEM
1080 741 1258 809 GALLIAE.
1409 757 1443 824 35

294 929 403 1006 sima),
418 930 575 1008 colligitur
588 932 639 991 vel
657 930 824 991 abraditur
839 947 940 991 arena
957 929 1171 1008 superficialis
1186 946 1246 1008 ope
1263 927 1384 990 osstum
1402 929 1442 990 ad

292 1031 445 1106 angulum
463 1031 638 1110 positorum
657 1035 690 1091 et
705 1047 766 1109 ope
782 1032 855 1108 equi
870 1031 988 1109 jugalis
1011 1046 1076 1108 quo
1098 1030 1249 1090 machina
1280 1009 1443 1106 trahftur;

293 1131 455 1192 interdum
482 1131 592 1192 videre
617 1131 691 1192 licet
715 1145 756 1192 20
777 1148 878 1208 equos
901 1131 996 1191 simul
1019 1130 1104 1192 circa
1129 1131 1307 1210 hocopus.
1354 1128 1441 1192 Cum

278 1245 392 1291 'arena
409 1228 510 1293 multa
527 1233 608 1292 satis
624 1233 715 1311 copia
731 1231 936 1306 collectasit,
955 1235 1032 1292 tunc
1055 1231 1221 1311 reponitur
1242 1231 1274 1292 in
1298 1236 1442 1311 recepta·

293 1333 373 1392 culis
390 1333 514 1410 ligneis,
532 1349 606 1410 quae
622 1333 652 1393 in
669 1332 770 1394 fundo
786 1323 864 1394 sunt
880 1331 1056 1410 perforata,
1080 1337 1114 1393 et
1135 1332 1271 1394 linteum
1294 1348 1441 1393 crassum

293 1424 426 1512 insuper
443 1439 493 1494 est
510 1434 700 1512 repositum;
716 1449 881 1511 quumque
904 1433 1111 1512 receptacula
1135 1433 1206 1493 haec
1234 1432 1341 1510 lignea
1361 1436 1444 1510 ¹sunt

275 1535 429 1612 repleta,
449 1533 628 1594 infunditur
651 1550 735 1612 aqua
759 1551 856 1613 super
878 1550 1011 1594 arenam
1038 1534 1123 1594 franc
1146 1538 1337 1611 congestam
1361 1549 1443 1594 sane

293 1635 527 1713 plenissimam,
556 1633 686 1696 et·lluit
712 1645 796 1712 aq'ua
819 1651 876 1714 per
898 1635 1033 1694 canales
1056 1638 1089 1695 et
1112 1633 1144 1694 in
1169 1634 1378 1713 receptacula
1402 1633 1442 1694 ad

291 1736 380 1796 illum
408 1753 503 1795 usum
531 1739 731 1810 constructa,
760 1740 794 1796 et
821 1735 1018 1796 intransitu
1045 1735 1128 1814 rapit
1152 1751 1264 1795 secum
1290 1750 1387 1796 omne
1412 1734 1442 1795 id

293 1836 377 1914 quod
398 1837 535 1897 salinum
560 1841 611 1896 est
635 1842 668 1896 et
691 1837 846 1897 elixatum
871 1834 979 1896 aufert
1001 1836 1085 1913 quod
1108 1835 1296 1896 adhaeserat
1318 1851 1442 1898 arenae.

294 1935 516 1999 Continuatur
539 1936 657 1997 infusio
681 1953 786 2014 aquae,
812 1937 887 1996 dum
916 1936 992 1996 nihil
1016 1936 1095 1997 salis
1118 1936 1149 1996 in
1179 1953 1279 1996 arena
1302 1937 1442 2016 amplius

294 2043 476 2112 remaneat;
493 2037 691 2116 depromitur
704 2042 781 2099 tunc
795 2021 869 2098 inde
882 2054 983 2097 arena
999 2041 1033 2099 et
1050 2053 1134 2099 nova
1152 2037 1222 2098 loco
1238 2036 1310 2115 ejus
1326 2037 1443 2098 immit-

293 2139 384 2213 titur,¹
400 2155 474 2216 quae
490 2139 556 2217 pari
574 2138 668 2200 modo
685 2138 836 2200 elixatur.

336 2237 466 2299 Camini
482 2237 559 2299 facti
576 2243 655 2300 sunt
670 2257 711 2300 ex
727 2239 839 2316 argilla
856 2241 908 2299 vel
926 2243 1024 2314 terra,
1046 2254 1126 2299 vasa
1150 2237 1378 2318 evaporatoria
1402 2256 1443 2300 ex

293 2340 425 2416 plumbo
436 2360 444 2415 ;
461 2339 492 2399 in
509 2340 626 2417 quavis
642 2340 736 2400 domo
753 2339 978 2418 evaporatoria
999 2344 1078 2400 sunt
1093 2355 1112 2416 4
1128 2355 1210 2399 vasa
1232 2339 1388 2418 plumbea
1411 2339 1443 2400 in

292 2438 395 2500 forma'
411 2440 571 2516 quadrata
588 2441 740 2518 reposita,
758 2440 926 2517 quodlibet
956 2457 1016 2500 vas
1039 2439 1274 2517 longitudinem
1300 2440 1402 2501 babet
1427 2455 1442 2518 3

294 2540 425 2617 pedum,
443 2540 646 2602 latitudinem
664 2556 693 2615 2,
712 2544 745 2602 et
760 2541 965 2602 altitudinem
985 2553 998 2618 ς
1018 2539 1107 2601 velo
1129 2540 1293 2619 pollicum.
1341 2539 1442 2603 Utun-

276 2647 345 2701 tur
362 2641 478 2719 lignis
472 2657 502 2700 m
520 2641 580 2701 illis
597 2641 674 2702 locis
690 2641 744 2702 ubl
761 2641 919 2719 lignorum
936 2641 1027 2721 copia
1043 2645 1106 2716 est,
1124 2642 1204 2702 alias
1220 2639 1386 2720 stipitibus
1402 2658 1443 2702 ex

295 2742 391 2802 vinea
407 2742 563 2803 collectis.
610 2740 764 2818 Quatuor
779 2759 860 2803 vasa
876 2741 1101 2821 evaporatoria
1118 2746 1321 2850 componunt
1344 2758 1442 2802 unam

294 2843 431 2902 salinam
449 2843 501 2903 vel
518 2843 615 2903 unius
631 2843 746 2903 salinae
766 2859 860 2921 opus.

337 2941 449 3020 Quum
477 2960 561 3020 aqua
584 2943 746 3023 plumbeis
769 2944 818 3004 bis
841 2944 930 3003 vasis
953 2943 1098 3004 immissa
1121 2947 1155 3004 et
1177 2944 1246 3002 sale
1268 2958 1445 3022 praegnans

294 3043 428 3103 ebullire
444 3043 565 3122 incipit,
583 3042 779 3104 auferuntur
795 3060 931 3122 spumae,
949 3061 1031 3122 quas
1054 3043 1204 3122 copiatim
1228 3043 1444 3121 superjactat,

296 3143 388 3203 etad
411 3143 498 3203 illum
523 3144 658 3221 gradum
682 3148 718 3205 ut
741 3144 929 3205 diminuitur
952 3160 1048 3222 aqua,
1076 3161 1161 3205 nova
1185 3141 1378 3220 offunditur,
1404 3161 1445 3205 ex

294 3261 358 3320 qua
388 3259 512 3321 spumae
542 3244 640 3304 etiarn
671 3243 876 3320 auferuntur,
904 3260 1070 3322 quumque
1094 3249 1314 3320 crassescunt,
1339 3243 1446 3324 agitur

296 3345 398 3405 muria
414 3345 485 3404 haec
500 3362 572 3404 cum
590 3344 714 3424 spumis
729 3345 884 3406 continue
900 3362 973 3406 cum
992 3345 1103 3406 batillo
1118 3344 1202 3422 quod
1226 3345 1369 3424 amplum
1394 3350 1447 3406 est

296 3445 384 3504 etad
401 3445 644 3505 extremitatem
663 3461 759 3505 unam
779 3451 999 3518 recurvatum,
1015 3445 1167 3524 quodque
1189 3445 1328 3508 cuillr'ere
1351 3463 1446 3507 voca·

296 3551 346 3605 tur
352 3561 515 3622 ,cumque
538 3546 793 3623 clrrystallisatio
817 3546 939 3626 incipit,
958 3546 1166 3607 subtrahitur
1182 3545 1256 3607 inde
1272 3547 1366 3624 ignis
1385 3547 1447 3608 sci·

297 3646 372 3706 licet
389 3649 480 3706 uteo
496 3646 613 3706 melius
629 3646 756 3724 purgari
773 3648 887 3725 possit.

339 3745 392 3807 Sal
406 3763 533 3825 purgarr
526 3746 674 3822 dicitur,
689 3764 760 3807 cum
775 3747 984 3825 relinquitur
978 3764 1008 3808 rn
1023 3746 1240 3826 receptaculis
1251 3747 1446 3825 quibusdam

298 3852 333 3908 ut
348 3848 486 3908 siccetur
503 3853 604 3926 utque
622 3849 846 3910 humiditatem
864 3849 1026 3909 residuam
1043 3853 1202 3927 tanquam
1220 3864 1277 3926 per
1293 3849 1445 3910 sudorem

297 3949 453 4026 expellat.
500 3947 654 4026 Cumque
677 3950 724 4009 sal
749 3950 835 4010 bene
858 3955 1018 4028 purgatus
1041 3954 1103 4025 est,
1128 3949 1161 4010 in
1191 3949 1340 4010 cumulos
1370 3949 1445 4010 dein

297 4049 446 4124 mittitur,
464 4053 497 4109 et
513 4049 642 4109 demum
661 4049 691 4109 in
709 4049 866 4128 penuaria
883 4049 1041 4113 defertur.
1139 4079 1141 4084 v

336 4147 448 4227 Spatio
464 4151 581 4226 quovis
600 4165 615 4226 3
633 4152 782 4210 horarum
809 4166 893 4227 aqua
918 4152 988 4212 lraec
1012 4152 1043 4212 in
1067 4152 1114 4211 sal
1141 4149 1238 4228 redigi
1261 4154 1389 4230 potest3
1414 4156 1447 4211 et

249 4255 251 4259 ’
294 4249 378 4308 circa
388 4247 436 4310 St.
450 4249 578 4324 lllicbel,
588 4251 728 4327 4000¹ad
743 4263 823 4328 5000
833 4254 945 4312 tonnae
957 4252 1034 4312 salis
1046 4251 1184 4314 obtineri
1198 4252 1257 4312 boc
1269 4249 1363 4311 modo
1374 4267 1447 4329 pos·

277 4382 283 4388 ··
296 4353 392 4424 sunt;
409 4349 521 4410 relicta
539 4357 589 4411 est
606 4352 675 4410 baec
694 4351 869 4412 methodus
885 4353 1046 4429 coquendi
1073 4352 1120 4412 sal
1140 4351 1263 4412 colonis
1276 4351 1447 4429 pauperio·

295 4448 383 4510 ribus
396 4450 509 4512 libera.
549 4449 667 4512 Genus
684 4453 743 4512 boc
761 4451 839 4512 salis
855 4447 907 4514 est
922 4452 1094 4513 candidum
1113 4456 1147 4512 et
1163 4453 1286 4526 album,
1301 4451 1399 4530 plane
1413 4455 1450 4512 ut

295 4549 370 4614 illud
386 4551 472 4631 quod
488 4568 545 4630 per
562 4552 778 4626 recoctionem
796 4553 925 4643 purgari
942 4554 1038 4617 solet.
1086 4551 1170 4615 Loca
1187 4551 1242 4614 ubi
1265 4551 1312 4616 sal
1337 4551 1448 4620 arbum
