<?xml version="1.0" encoding="UTF-8"?>
<!DOCTYPE html PUBLIC "-//W3C//DTD XHTML 1.0 Transitional//EN"
    "http://www.w3.org/TR/xhtml1/DTD/xhtml1-transitional.dtd">
<html xmlns="http://www.w3.org/1999/xhtml" xml:lang="en" lang="en">
 <head>
  <title>
</title>
<meta http-equiv="Content-Type" content="text/html;charset=utf-8" />
  <meta name='ocr-system' content='tesseract 3.04.00' />
  <meta name='ocr-capabilities' content='ocr_page ocr_carea ocr_par ocr_line ocrx_word'/>
</head>
<body>
  <div class='ocr_page' id='page_1' title='image "./desalecommuniho00actogoog_0120.png"; bbox 0 0 3442 5302; ppageno 0'>
   <div class='ocr_carea' id='block_1_1' title="bbox 455 723 1361 805">
    <p class='ocr_par' dir='ltr' id='par_1_1' title="bbox 455 723 1361 805">
     <span class='ocr_line' id='line_1_1' title="bbox 455 723 1361 805; baseline 0.003 -17"><span class='ocrx_word' id='word_1_1' title='bbox 455 723 727 789; x_wconf 80' lang='lat' dir='ltr'><em>DESTILLATIO</em></span> <span class='ocrx_word' id='word_1_2' title='bbox 748 723 868 789; x_wconf 83' lang='lat' dir='ltr'><em>SALIS</em></span> <span class='ocrx_word' id='word_1_3' title='bbox 890 724 1129 791; x_wconf 86' lang='lat' dir='ltr'><em>COMMUNIS</em></span> <span class='ocrx_word' id='word_1_4' title='bbox 1321 743 1361 805; x_wconf 82' lang='lat'>93</span> 
     </span>
    </p>
   </div>
   <div class='ocr_carea' id='block_1_2' title="bbox 753 910 921 971">
    <p class='ocr_par' dir='ltr' id='par_1_2' title="bbox 753 910 921 971">
     <span class='ocr_line' id='line_1_2' title="bbox 753 910 921 971; baseline -0.006 0"><span class='ocrx_word' id='word_1_5' title='bbox 753 910 818 971; x_wconf 91' lang='lat' dir='ltr'>XL.</span> <span class='ocrx_word' id='word_1_6' title='bbox 917 937 921 950; x_wconf 79' lang='lat'><em>=</em></span> 
     </span>
    </p>
   </div>
   <div class='ocr_carea' id='block_1_3' title="bbox 287 1076 1288 1242">
    <p class='ocr_par' dir='ltr' id='par_1_3' title="bbox 287 1076 1288 1242">
     <span class='ocr_line' id='line_1_3' title="bbox 287 1076 1288 1157; baseline 0.005 -19"><span class='ocrx_word' id='word_1_7' title='bbox 287 1077 575 1140; x_wconf 82' lang='lat' dir='ltr'>DESTlLLthO</span> <span class='ocrx_word' id='word_1_8' title='bbox 600 1076 716 1140; x_wconf 70' lang='lat' dir='ltr'>sniis</span> <span class='ocrx_word' id='word_1_9' title='bbox 742 1077 977 1142; x_wconf 77' lang='lat' dir='ltr'>communis</span> <span class='ocrx_word' id='word_1_10' title='bbox 1003 1078 1041 1142; x_wconf 87' lang='grc' dir='ltr'>ΙΝ</span> <span class='ocrx_word' id='word_1_11' title='bbox 1069 1077 1288 1157; x_wconf 68' lang='lat' dir='ltr'>embolin,</span> 
     </span>
     <span class='ocr_line' id='line_1_4' title="bbox 434 1178 1142 1242; baseline 0.001 -1"><span class='ocrx_word' id='word_1_12' title='bbox 434 1178 633 1242; x_wconf 81' lang='lat' dir='ltr'>SPIRITUM</span> <span class='ocrx_word' id='word_1_13' title='bbox 659 1178 710 1239; x_wconf 83' lang='lat' dir='ltr'>ET</span> <span class='ocrx_word' id='word_1_14' title='bbox 736 1178 884 1241; x_wconf 78' lang='lat' dir='ltr'>CAPUT</span> <span class='ocrx_word' id='word_1_15' title='bbox 909 1179 1142 1242; x_wconf 80' lang='lat' dir='ltr'>MORTUUM.</span> 
     </span>
    </p>
   </div>
   <div class='ocr_carea' id='block_1_4' title="bbox 214 1313 1364 1705">
    <p class='ocr_par' dir='ltr' id='par_1_4' title="bbox 214 1313 1364 1705">
     <span class='ocr_line' id='line_1_5' title="bbox 257 1313 1363 1392; baseline 0.002 -18"><span class='ocrx_word' id='word_1_16' title='bbox 257 1313 328 1375; x_wconf 87' lang='lat' dir='ltr'>Una</span> <span class='ocrx_word' id='word_1_17' title='bbox 344 1331 419 1392; x_wconf 89' lang='lat' dir='ltr'>pars</span> <span class='ocrx_word' id='word_1_18' title='bbox 436 1314 514 1373; x_wconf 88' lang='lat' dir='ltr'>salis</span> <span class='ocrx_word' id='word_1_19' title='bbox 531 1315 707 1392; x_wconf 79' lang='lat' dir='ltr'>accipiatur</span> <span class='ocrx_word' id='word_1_20' title='bbox 723 1331 795 1374; x_wconf 94' lang='lat' dir='ltr'>cum</span> <span class='ocrx_word' id='word_1_21' title='bbox 815 1329 830 1391; x_wconf 83' lang='lat'>3</span> <span class='ocrx_word' id='word_1_22' title='bbox 848 1314 911 1374; x_wconf 92' lang='lat' dir='ltr'>boli</span> <span class='ocrx_word' id='word_1_23' title='bbox 927 1314 997 1374; x_wconf 92' lang='lat' dir='ltr'>sive</span> <span class='ocrx_word' id='word_1_24' title='bbox 1014 1314 1135 1392; x_wconf 80' lang='lat' dir='ltr'>argillae</span> <span class='ocrx_word' id='word_1_25' title='bbox 1151 1315 1280 1376; x_wconf 91' lang='lat' dir='ltr'>subtilis</span> <span class='ocrx_word' id='word_1_26' title='bbox 1292 1316 1363 1377; x_wconf 89' lang='lat' dir='ltr'>sive</span> 
     </span>
     <span class='ocr_line' id='line_1_6' title="bbox 215 1413 1362 1490; baseline 0.003 -16"><span class='ocrx_word' id='word_1_27' title='bbox 215 1413 329 1474; x_wconf 68' lang='lat' dir='ltr'>farinae</span> <span class='ocrx_word' id='word_1_28' title='bbox 346 1415 508 1490; x_wconf 84' lang='lat' dir='ltr'>lateritiae,</span> <span class='ocrx_word' id='word_1_29' title='bbox 527 1415 578 1474; x_wconf 89' lang='lat' dir='ltr'>alli</span> <span class='ocrx_word' id='word_1_30' title='bbox 595 1421 769 1475; x_wconf 91' lang='lat' dir='ltr'>assumunt</span> <span class='ocrx_word' id='word_1_31' title='bbox 794 1415 926 1474; x_wconf 92' lang='lat' dir='ltr'>alumen</span> <span class='ocrx_word' id='word_1_32' title='bbox 954 1416 1007 1474; x_wconf 93' lang='lat' dir='ltr'>vel</span> <span class='ocrx_word' id='word_1_33' title='bbox 1035 1431 1169 1475; x_wconf 81' lang='lat' dir='ltr'>arenam</span> <span class='ocrx_word' id='word_1_34' title='bbox 1195 1417 1362 1479; x_wconf 90' lang='lat' dir='ltr'>subtilem.</span> 
     </span>
     <span class='ocr_line' id='line_1_7' title="bbox 215 1513 1363 1594; baseline 0.002 -20"><span class='ocrx_word' id='word_1_35' title='bbox 215 1515 260 1574; x_wconf 83' lang='lat' dir='ltr'>Ex</span> <span class='ocrx_word' id='word_1_36' title='bbox 277 1516 350 1575; x_wconf 91' lang='lat' dir='ltr'>holo</span> <span class='ocrx_word' id='word_1_37' title='bbox 367 1516 419 1574; x_wconf 91' lang='lat' dir='ltr'>vel</span> <span class='ocrx_word' id='word_1_38' title='bbox 437 1516 547 1592; x_wconf 86' lang='lat' dir='ltr'>argilla</span> <span class='ocrx_word' id='word_1_39' title='bbox 566 1513 780 1577; x_wconf 86' lang='lat' dir='ltr'>conficiantur</span> <span class='ocrx_word' id='word_1_40' title='bbox 797 1516 887 1593; x_wconf 92' lang='lat' dir='ltr'>parvi</span> <span class='ocrx_word' id='word_1_41' title='bbox 901 1515 986 1593; x_wconf 84' lang='lat' dir='ltr'>globi</span> <span class='ocrx_word' id='word_1_42' title='bbox 1003 1520 1036 1575; x_wconf 90' lang='lat' dir='ltr'>et</span> <span class='ocrx_word' id='word_1_43' title='bbox 1052 1516 1082 1575; x_wconf 92' lang='lat' dir='ltr'>in</span> <span class='ocrx_word' id='word_1_44' title='bbox 1100 1516 1169 1576; x_wconf 88' lang='lat' dir='ltr'>sole</span> <span class='ocrx_word' id='word_1_45' title='bbox 1185 1516 1363 1594; x_wconf 85' lang='lat' dir='ltr'>siccentur;</span> 
     </span>
     <span class='ocr_line' id='line_1_8' title="bbox 214 1615 1364 1705; baseline 0.001 -29"><span class='ocrx_word' id='word_1_46' title='bbox 214 1616 263 1676; x_wconf 92' lang='lat' dir='ltr'>his</span> <span class='ocrx_word' id='word_1_47' title='bbox 280 1618 445 1695; x_wconf 83' lang='lat' dir='ltr'>repleatur</span> <span class='ocrx_word' id='word_1_48' title='bbox 462 1621 582 1676; x_wconf 87' lang='lat' dir='ltr'>retorta</span> <span class='ocrx_word' id='word_1_49' title='bbox 599 1616 638 1676; x_wconf 90' lang='lat' dir='ltr'>ad</span> <span class='ocrx_word' id='word_1_50' title='bbox 656 1616 750 1676; x_wconf 90' lang='lat' dir='ltr'>binas</span> <span class='ocrx_word' id='word_1_51' title='bbox 766 1615 881 1705; x_wconf 83' lang='lat' dir='ltr'>tertias</span> <span class='ocrx_word' id='word_1_52' title='bbox 898 1620 1008 1694; x_wconf 89' lang='lat' dir='ltr'>partes</span> <span class='ocrx_word' id='word_1_53' title='bbox 1025 1616 1107 1676; x_wconf 89' lang='lat' dir='ltr'>adeo</span> <span class='ocrx_word' id='word_1_54' title='bbox 1125 1621 1160 1676; x_wconf 92' lang='lat' dir='ltr'>ut</span> <span class='ocrx_word' id='word_1_55' title='bbox 1184 1616 1205 1690; x_wconf 58' lang='lat' dir='ltr'>l</span> <span class='ocrx_word' id='word_1_56' title='bbox 1230 1634 1306 1695; x_wconf 90' lang='lat' dir='ltr'>pars</span> <span class='ocrx_word' id='word_1_57' title='bbox 1323 1618 1364 1678; x_wconf 87' lang='lat' dir='ltr'>sit</span> 
     </span>
    </p>
   </div>
   <div class='ocr_carea' id='block_1_5' title="bbox 214 1716 1467 1796">
    <p class='ocr_par' dir='ltr' id='par_1_5' title="bbox 214 1716 1467 1796">
     <span class='ocr_line' id='line_1_9' title="bbox 214 1716 1467 1796; baseline 0.001 -20"><span class='ocrx_word' id='word_1_58' title='bbox 214 1733 332 1778; x_wconf 87' lang='lat' dir='ltr'>vacua.</span> <span class='ocrx_word' id='word_1_59' title='bbox 379 1717 462 1794; x_wconf 89' lang='lat' dir='ltr'>lgnis</span> <span class='ocrx_word' id='word_1_60' title='bbox 492 1717 721 1792; x_wconf 88' lang='lat' dir='ltr'>admoveatur,</span> <span class='ocrx_word' id='word_1_61' title='bbox 753 1717 889 1795; x_wconf 91' lang='lat' dir='ltr'>primum</span> <span class='ocrx_word' id='word_1_62' title='bbox 922 1716 1102 1791; x_wconf 80' lang='lat' dir='ltr'>mediocriS,</span> <span class='ocrx_word' id='word_1_63' title='bbox 1135 1717 1209 1776; x_wconf 89' lang='lat' dir='ltr'>dein</span> <span class='ocrx_word' id='word_1_64' title='bbox 1247 1718 1361 1796; x_wconf 90' lang='lat' dir='ltr'>maj0r,</span> <span class='ocrx_word' id='word_1_65' title='bbox 1466 1753 1467 1758; x_wconf 22' lang='grc' dir='ltr'><strong>κ</strong></span> 
     </span>
    </p>
   </div>
   <div class='ocr_carea' id='block_1_6' title="bbox 213 1817 1387 3808">
    <p class='ocr_par' dir='ltr' id='par_1_6' title="bbox 213 1817 1387 3808">
     <span class='ocr_line' id='line_1_10' title="bbox 213 1817 1362 1896; baseline 0.002 -20"><span class='ocrx_word' id='word_1_66' title='bbox 213 1817 295 1877; x_wconf 91' lang='lat' dir='ltr'>adeo</span> <span class='ocrx_word' id='word_1_67' title='bbox 313 1822 347 1878; x_wconf 87' lang='lat' dir='ltr'>ut</span> <span class='ocrx_word' id='word_1_68' title='bbox 363 1835 419 1896; x_wconf 93' lang='lat' dir='ltr'>per</span> <span class='ocrx_word' id='word_1_69' title='bbox 435 1817 555 1895; x_wconf 85' lang='lat' dir='ltr'>gradus</span> <span class='ocrx_word' id='word_1_70' title='bbox 572 1822 730 1894; x_wconf 86' lang='lat' dir='ltr'>augeatur</span> <span class='ocrx_word' id='word_1_71' title='bbox 746 1819 845 1893; x_wconf 91' lang='lat' dir='ltr'>calor;</span> <span class='ocrx_word' id='word_1_72' title='bbox 870 1817 937 1877; x_wconf 87' lang='lat' dir='ltr'>exit</span> <span class='ocrx_word' id='word_1_73' title='bbox 953 1821 1030 1877; x_wconf 86' lang='lat' dir='ltr'>tunc</span> <span class='ocrx_word' id='word_1_74' title='bbox 1048 1817 1184 1896; x_wconf 92' lang='lat' dir='ltr'>primum</span> <span class='ocrx_word' id='word_1_75' title='bbox 1210 1835 1295 1894; x_wconf 87' lang='lat' dir='ltr'>aqua</span> <span class='ocrx_word' id='word_1_76' title='bbox 1317 1819 1362 1878; x_wconf 93' lang='lat' dir='ltr'>in·</span> 
     </span>
     <span class='ocr_line' id='line_1_11' title="bbox 213 1917 1245 2000; baseline 0.003 -23"><span class='ocrx_word' id='word_1_77' title='bbox 213 1917 315 1996; x_wconf 89' lang='lat' dir='ltr'>sipida</span> <span class='ocrx_word' id='word_1_78' title='bbox 332 1935 444 1996; x_wconf 90' lang='lat' dir='ltr'>parum</span> <span class='ocrx_word' id='word_1_79' title='bbox 463 1918 625 1978; x_wconf 79' lang='lat' dir='ltr'>ariditatis</span> <span class='ocrx_word' id='word_1_80' title='bbox 641 1919 824 1996; x_wconf 88' lang='lat' dir='ltr'>possidens,</span> <span class='ocrx_word' id='word_1_81' title='bbox 842 1917 927 1995; x_wconf 90' lang='lat' dir='ltr'>quod</span> <span class='ocrx_word' id='word_1_82' title='bbox 944 1923 1080 1979; x_wconf 89' lang='lat' dir='ltr'>vocatur</span> <span class='ocrx_word' id='word_1_83' title='bbox 1091 1919 1245 2000; x_wconf 76' lang='lat' dir='ltr'>phlegma.</span> 
     </span>
     <span class='ocr_line' id='line_1_12' title="bbox 258 2019 1363 2098; baseline 0.002 -20"><span class='ocrx_word' id='word_1_84' title='bbox 258 2019 445 2096; x_wconf 84' lang='lat' dir='ltr'>Exsurgunt</span> <span class='ocrx_word' id='word_1_85' title='bbox 461 2019 534 2078; x_wconf 91' lang='lat' dir='ltr'>dein</span> <span class='ocrx_word' id='word_1_86' title='bbox 552 2036 693 2097; x_wconf 88' lang='lat' dir='ltr'>vapores</span> <span class='ocrx_word' id='word_1_87' title='bbox 710 2019 940 2094; x_wconf 87' lang='lat' dir='ltr'>candidissimi,</span> <span class='ocrx_word' id='word_1_88' title='bbox 959 2019 1012 2095; x_wconf 89' lang='lat' dir='ltr'>qui</span> <span class='ocrx_word' id='word_1_89' title='bbox 1037 2019 1250 2097; x_wconf 79' lang='lat' dir='ltr'>suppeditant</span> <span class='ocrx_word' id='word_1_90' title='bbox 1273 2019 1363 2098; x_wconf 82' lang='lat' dir='ltr'>spiri·</span> 
     </span>
     <span class='ocr_line' id='line_1_13' title="bbox 215 2118 1362 2200; baseline 0.002 -21"><span class='ocrx_word' id='word_1_91' title='bbox 215 2121 280 2180; x_wconf 86' lang='lat' dir='ltr'>ium</span> <span class='ocrx_word' id='word_1_92' title='bbox 296 2120 374 2179; x_wconf 90' lang='lat' dir='ltr'>salis</span> <span class='ocrx_word' id='word_1_93' title='bbox 389 2119 578 2195; x_wconf 81' lang='lat' dir='ltr'>quaesitum3</span> <span class='ocrx_word' id='word_1_94' title='bbox 595 2124 754 2196; x_wconf 85' lang='lat' dir='ltr'>augeatur</span> <span class='ocrx_word' id='word_1_95' title='bbox 771 2118 853 2194; x_wconf 86' lang='lat' dir='ltr'>ignis</span> <span class='ocrx_word' id='word_1_96' title='bbox 870 2136 908 2179; x_wconf 90' lang='lat' dir='ltr'>eo</span> <span class='ocrx_word' id='word_1_97' title='bbox 925 2136 1028 2195; x_wconf 86' lang='lat' dir='ltr'>usque</span> <span class='ocrx_word' id='word_1_98' title='bbox 1042 2119 1117 2178; x_wconf 92' lang='lat' dir='ltr'>dum</span> <span class='ocrx_word' id='word_1_99' title='bbox 1133 2120 1210 2180; x_wconf 92' lang='lat' dir='ltr'>nulli</span> <span class='ocrx_word' id='word_1_100' title='bbox 1224 2137 1362 2200; x_wconf 86' lang='lat' dir='ltr'>vapores</span> 
     </span>
     <span class='ocr_line' id='line_1_14' title="bbox 216 2218 1360 2299; baseline 0.003 -21"><span class='ocrx_word' id='word_1_101' title='bbox 216 2220 355 2298; x_wconf 90' lang='lat' dir='ltr'>amplius</span> <span class='ocrx_word' id='word_1_102' title='bbox 393 2225 587 2298; x_wconf 86' lang='lat' dir='ltr'>appareant.</span> <span class='ocrx_word' id='word_1_103' title='bbox 648 2219 786 2298; x_wconf 86' lang='lat' dir='ltr'>Spiritus</span> <span class='ocrx_word' id='word_1_104' title='bbox 822 2220 871 2280; x_wconf 90' lang='lat' dir='ltr'>hic</span> <span class='ocrx_word' id='word_1_105' title='bbox 907 2219 1004 2279; x_wconf 91' lang='lat' dir='ltr'>etiam</span> <span class='ocrx_word' id='word_1_106' title='bbox 1038 2218 1207 2280; x_wconf 86' lang='lat' dir='ltr'>rectificari</span> <span class='ocrx_word' id='word_1_107' title='bbox 1238 2226 1360 2299; x_wconf 89' lang='lat' dir='ltr'>potest.</span> 
     </span>
     <span class='ocr_line' id='line_1_15' title="bbox 215 2320 1190 2398; baseline 0.002 -18"><span class='ocrx_word' id='word_1_108' title='bbox 215 2320 320 2397; x_wconf 77' lang='lat' dir='ltr'>Aliqui</span> <span class='ocrx_word' id='word_1_109' title='bbox 337 2320 494 2393; x_wconf 82' lang='lat' dir='ltr'>adhibent</span> <span class='ocrx_word' id='word_1_110' title='bbox 511 2321 652 2382; x_wconf 89' lang='lat' dir='ltr'>nonnisi</span> <span class='ocrx_word' id='word_1_111' title='bbox 669 2322 763 2380; x_wconf 91' lang='lat' dir='ltr'>binas</span> <span class='ocrx_word' id='word_1_112' title='bbox 780 2325 891 2398; x_wconf 82' lang='lat' dir='ltr'>partes</span> <span class='ocrx_word' id='word_1_113' title='bbox 908 2320 971 2380; x_wconf 91' lang='lat' dir='ltr'>boli</span> <span class='ocrx_word' id='word_1_114' title='bbox 988 2322 1039 2380; x_wconf 93' lang='lat' dir='ltr'>vel</span> <span class='ocrx_word' id='word_1_115' title='bbox 1058 2321 1190 2398; x_wconf 89' lang='lat' dir='ltr'>argillae.</span> 
     </span>
     <span class='ocr_line' id='line_1_16' title="bbox 248 2420 1363 2499; baseline 0.003 -19"><span class='ocrx_word' id='word_1_116' title='bbox 248 2420 543 2497; x_wconf 88' lang='lat' dir='ltr'>lpsaretortacirca</span> <span class='ocrx_word' id='word_1_117' title='bbox 550 2422 721 2499; x_wconf 80' lang='lat' dir='ltr'>juncturas</span> <span class='ocrx_word' id='word_1_118' title='bbox 736 2423 819 2482; x_wconf 90' lang='lat' dir='ltr'>bene</span> <span class='ocrx_word' id='word_1_119' title='bbox 834 2421 967 2481; x_wconf 88' lang='lat' dir='ltr'>lutanda</span> <span class='ocrx_word' id='word_1_120' title='bbox 982 2426 1044 2482; x_wconf 88' lang='lat' dir='ltr'>est.</span> <span class='ocrx_word' id='word_1_121' title='bbox 1063 2420 1363 2483; x_wconf 83' lang='lat' dir='ltr'>Referuntaliides·</span> 
     </span>
     <span class='ocr_line' id='line_1_17' title="bbox 214 2515 1364 2601; baseline 0.003 -21"><span class='ocrx_word' id='word_1_122' title='bbox 214 2521 404 2580; x_wconf 86' lang='lat' dir='ltr'>tillationem</span> <span class='ocrx_word' id='word_1_123' title='bbox 424 2523 508 2581; x_wconf 90' lang='lat' dir='ltr'>hanc</span> <span class='ocrx_word' id='word_1_124' title='bbox 526 2523 645 2600; x_wconf 89' lang='lat' dir='ltr'>optime</span> <span class='ocrx_word' id='word_1_125' title='bbox 662 2523 783 2600; x_wconf 84' lang='lat' dir='ltr'>peragi,</span> <span class='ocrx_word' id='word_1_126' title='bbox 797 2522 822 2581; x_wconf 93' lang='lat' dir='ltr'>si</span> <span class='ocrx_word' id='word_1_127' title='bbox 838 2521 1111 2581; x_wconf 72' lang='lat' dir='ltr'>commisceantur</span> <span class='ocrx_word' id='word_1_128' title='bbox 1124 2538 1141 2581; x_wconf 91' lang='lat'>2</span> <span class='ocrx_word' id='word_1_129' title='bbox 1154 2524 1204 2582; x_wconf 91' lang='lat' dir='ltr'>vel</span> <span class='ocrx_word' id='word_1_130' title='bbox 1222 2538 1236 2598; x_wconf 84' lang='lat'>3</span> <span class='ocrx_word' id='word_1_131' title='bbox 1254 2515 1364 2601; x_wconf 88' lang='lat' dir='ltr'>partes</span> 
     </span>
     <span class='ocr_line' id='line_1_18' title="bbox 215 2621 1364 2701; baseline 0.003 -21"><span class='ocrx_word' id='word_1_132' title='bbox 215 2621 292 2680; x_wconf 87' lang='lat' dir='ltr'>salis</span> <span class='ocrx_word' id='word_1_133' title='bbox 308 2621 348 2680; x_wconf 91' lang='lat' dir='ltr'>ad</span> <span class='ocrx_word' id='word_1_134' title='bbox 366 2638 464 2681; x_wconf 92' lang='lat' dir='ltr'>unam</span> <span class='ocrx_word' id='word_1_135' title='bbox 482 2627 605 2699; x_wconf 89' lang='lat' dir='ltr'>partem</span> <span class='ocrx_word' id='word_1_136' title='bbox 623 2621 775 2681; x_wconf 91' lang='lat' dir='ltr'>aluminis</span> <span class='ocrx_word' id='word_1_137' title='bbox 791 2623 956 2697; x_wconf 87' lang='lat' dir='ltr'>calcinati;</span> <span class='ocrx_word' id='word_1_138' title='bbox 982 2621 1040 2682; x_wconf 90' lang='lat' dir='ltr'>nisi</span> <span class='ocrx_word' id='word_1_139' title='bbox 1057 2623 1142 2682; x_wconf 93' lang='lat' dir='ltr'>enim</span> <span class='ocrx_word' id='word_1_140' title='bbox 1158 2625 1247 2701; x_wconf 85' lang='lat' dir='ltr'>justa</span> <span class='ocrx_word' id='word_1_141' title='bbox 1262 2640 1364 2700; x_wconf 90' lang='lat' dir='ltr'>quan-</span> 
     </span>
     <span class='ocr_line' id='line_1_19' title="bbox 214 2722 1366 2802; baseline 0.003 -21"><span class='ocrx_word' id='word_1_142' title='bbox 214 2722 292 2781; x_wconf 89' lang='lat' dir='ltr'>titas</span> <span class='ocrx_word' id='word_1_143' title='bbox 308 2722 547 2782; x_wconf 87' lang='lat' dir='ltr'>commixtionis</span> <span class='ocrx_word' id='word_1_144' title='bbox 562 2724 769 2798; x_wconf 89' lang='lat' dir='ltr'>observetur,</span> <span class='ocrx_word' id='word_1_145' title='bbox 794 2723 908 2782; x_wconf 89' lang='lat' dir='ltr'>dicitur</span> <span class='ocrx_word' id='word_1_146' title='bbox 926 2723 1080 2782; x_wconf 88' lang='lat' dir='ltr'>minorem</span> <span class='ocrx_word' id='word_1_147' title='bbox 1095 2728 1220 2801; x_wconf 90' lang='lat' dir='ltr'>partem</span> <span class='ocrx_word' id='word_1_148' title='bbox 1234 2724 1366 2802; x_wconf 90' lang='lat' dir='ltr'>spiritus</span> 
     </span>
     <span class='ocr_line' id='line_1_20' title="bbox 216 2822 1387 2883; baseline 0.003 -2"><span class='ocrx_word' id='word_1_149' title='bbox 216 2822 367 2883; x_wconf 89' lang='lat' dir='ltr'>obtineri.</span> <span class='ocrx_word' id='word_1_150' title='bbox 1386 2835 1387 2839; x_wconf 76' lang='grc'>’</span> 
     </span>
     <span class='ocr_line' id='line_1_21' title="bbox 258 2922 1363 3003; baseline 0.002 -19"><span class='ocrx_word' id='word_1_151' title='bbox 258 2922 417 2984; x_wconf 82' lang='lat' dir='ltr'>Referunt</span> <span class='ocrx_word' id='word_1_152' title='bbox 446 2923 576 3000; x_wconf 91' lang='lat' dir='ltr'>quidem</span> <span class='ocrx_word' id='word_1_153' title='bbox 608 2924 705 3001; x_wconf 87' lang='lat' dir='ltr'>aliqui</span> <span class='ocrx_word' id='word_1_154' title='bbox 736 2925 873 2984; x_wconf 92' lang='lat' dir='ltr'>multum</span> <span class='ocrx_word' id='word_1_155' title='bbox 905 2925 1035 3003; x_wconf 91' lang='lat' dir='ltr'>spiritus</span> <span class='ocrx_word' id='word_1_156' title='bbox 1065 2926 1143 2985; x_wconf 86' lang='lat' dir='ltr'>salis</span> <span class='ocrx_word' id='word_1_157' title='bbox 1168 2925 1318 3000; x_wconf 86' lang='lat' dir='ltr'>obtineri,</span> <span class='ocrx_word' id='word_1_158' title='bbox 1337 2927 1363 2986; x_wconf 90' lang='lat' dir='ltr'>si</span> 
     </span>
     <span class='ocr_line' id='line_1_22' title="bbox 216 3021 1363 3103; baseline 0.004 -22"><span class='ocrx_word' id='word_1_159' title='bbox 216 3023 322 3100; x_wconf 87' lang='lat' dir='ltr'>aliqua</span> <span class='ocrx_word' id='word_1_160' title='bbox 339 3041 413 3102; x_wconf 89' lang='lat' dir='ltr'>pars</span> <span class='ocrx_word' id='word_1_161' title='bbox 430 3024 507 3084; x_wconf 87' lang='lat' dir='ltr'>salis</span> <span class='ocrx_word' id='word_1_162' title='bbox 523 3025 658 3103; x_wconf 90' lang='lat' dir='ltr'>primum</span> <span class='ocrx_word' id='word_1_163' title='bbox 677 3025 708 3084; x_wconf 93' lang='lat' dir='ltr'>in</span> <span class='ocrx_word' id='word_1_164' title='bbox 726 3042 810 3101; x_wconf 90' lang='lat' dir='ltr'>aqua</span> <span class='ocrx_word' id='word_1_165' title='bbox 827 3026 986 3100; x_wconf 89' lang='lat' dir='ltr'>solvatur,</span> <span class='ocrx_word' id='word_1_166' title='bbox 1016 3030 1049 3086; x_wconf 86' lang='lat' dir='ltr'>et</span> <span class='ocrx_word' id='word_1_167' title='bbox 1076 3025 1106 3084; x_wconf 89' lang='lat' dir='ltr'>ln</span> <span class='ocrx_word' id='word_1_168' title='bbox 1124 3021 1286 3086; x_wconf 88' lang='lat' dir='ltr'>solutione</span> <span class='ocrx_word' id='word_1_169' title='bbox 1310 3027 1363 3087; x_wconf 94' lang='lat' dir='ltr'>illa</span> 
     </span>
     <span class='ocr_line' id='line_1_23' title="bbox 215 3124 1365 3204; baseline 0.004 -22"><span class='ocrx_word' id='word_1_170' title='bbox 215 3124 336 3202; x_wconf 89' lang='lat' dir='ltr'>saepius</span> <span class='ocrx_word' id='word_1_171' title='bbox 353 3124 607 3201; x_wconf 84' lang='lat' dir='ltr'>exstinguantur</span> <span class='ocrx_word' id='word_1_172' title='bbox 625 3141 749 3202; x_wconf 85' lang='lat' dir='ltr'>prunae,</span> <span class='ocrx_word' id='word_1_173' title='bbox 768 3142 841 3202; x_wconf 86' lang='lat' dir='ltr'>quae</span> <span class='ocrx_word' id='word_1_174' title='bbox 857 3125 931 3185; x_wconf 91' lang='lat' dir='ltr'>dein</span> <span class='ocrx_word' id='word_1_175' title='bbox 949 3142 1005 3204; x_wconf 89' lang='lat' dir='ltr'>per</span> <span class='ocrx_word' id='word_1_176' title='bbox 1023 3130 1177 3186; x_wconf 92' lang='lat' dir='ltr'>retortam</span> <span class='ocrx_word' id='word_1_177' title='bbox 1195 3127 1365 3187; x_wconf 89' lang='lat' dir='ltr'>destillen-</span> 
     </span>
     <span class='ocr_line' id='line_1_24' title="bbox 215 3225 1236 3305; baseline 0.004 -21"><span class='ocrx_word' id='word_1_178' title='bbox 215 3229 279 3300; x_wconf 90' lang='lat' dir='ltr'>tur;</span> <span class='ocrx_word' id='word_1_179' title='bbox 304 3225 361 3284; x_wconf 91' lang='lat' dir='ltr'>sed</span> <span class='ocrx_word' id='word_1_180' title='bbox 378 3225 591 3285; x_wconf 89' lang='lat' dir='ltr'>dubitandum</span> <span class='ocrx_word' id='word_1_181' title='bbox 609 3231 660 3285; x_wconf 88' lang='lat' dir='ltr'>est</span> <span class='ocrx_word' id='word_1_182' title='bbox 675 3225 701 3285; x_wconf 89' lang='lat' dir='ltr'>si</span> <span class='ocrx_word' id='word_1_183' title='bbox 718 3226 885 3304; x_wconf 87' lang='lat' dir='ltr'>promissis</span> <span class='ocrx_word' id='word_1_184' title='bbox 902 3226 1099 3305; x_wconf 87' lang='lat' dir='ltr'>respondeat</span> <span class='ocrx_word' id='word_1_185' title='bbox 1115 3227 1236 3304; x_wconf 79' lang='lat' dir='ltr'>praxis</span> 
     </span>
     <span class='ocr_line' id='line_1_25' title="bbox 257 3325 1362 3404; baseline 0.003 -19"><span class='ocrx_word' id='word_1_186' title='bbox 257 3325 442 3387; x_wconf 88' lang='lat' dir='ltr'>Destillatio</span> <span class='ocrx_word' id='word_1_187' title='bbox 460 3326 591 3404; x_wconf 88' lang='lat' dir='ltr'>spiritus</span> <span class='ocrx_word' id='word_1_188' title='bbox 608 3326 684 3386; x_wconf 89' lang='lat' dir='ltr'>salis</span> <span class='ocrx_word' id='word_1_189' title='bbox 701 3326 810 3404; x_wconf 83' lang='lat' dir='ltr'>peragi</span> <span class='ocrx_word' id='word_1_190' title='bbox 827 3327 926 3386; x_wconf 89' lang='lat' dir='ltr'>dehet</span> <span class='ocrx_word' id='word_1_191' title='bbox 942 3327 972 3386; x_wconf 89' lang='lat' dir='ltr'>in</span> <span class='ocrx_word' id='word_1_192' title='bbox 991 3327 1120 3388; x_wconf 90' lang='lat' dir='ltr'>retortis</span> <span class='ocrx_word' id='word_1_193' title='bbox 1136 3327 1260 3402; x_wconf 81' lang='lat' dir='ltr'>vitreiS,</span> <span class='ocrx_word' id='word_1_194' title='bbox 1289 3345 1362 3388; x_wconf 92' lang='lat' dir='ltr'>nam</span> 
     </span>
     <span class='ocr_line' id='line_1_26' title="bbox 215 3427 1271 3507; baseline 0.005 -22"><span class='ocrx_word' id='word_1_195' title='bbox 215 3443 270 3504; x_wconf 90' lang='lat' dir='ltr'>per</span> <span class='ocrx_word' id='word_1_196' title='bbox 287 3431 428 3487; x_wconf 88' lang='lat' dir='ltr'>retortas</span> <span class='ocrx_word' id='word_1_197' title='bbox 444 3427 637 3505; x_wconf 87' lang='lat' dir='ltr'>argillaceas</span> <span class='ocrx_word' id='word_1_198' title='bbox 653 3428 771 3487; x_wconf 90' lang='lat' dir='ltr'>transit</span> <span class='ocrx_word' id='word_1_199' title='bbox 787 3428 919 3504; x_wconf 87' lang='lat' dir='ltr'>spiritus</span> <span class='ocrx_word' id='word_1_200' title='bbox 934 3433 968 3487; x_wconf 92' lang='lat' dir='ltr'>et</span> <span class='ocrx_word' id='word_1_201' title='bbox 985 3428 1103 3506; x_wconf 90' lang='lat' dir='ltr'>rumpit</span> <span class='ocrx_word' id='word_1_202' title='bbox 1119 3429 1271 3507; x_wconf 86' lang='lat' dir='ltr'>parietes.</span> 
     </span>
     <span class='ocr_line' id='line_1_27' title="bbox 258 3527 1362 3606; baseline 0.003 -20"><span class='ocrx_word' id='word_1_203' title='bbox 258 3527 432 3605; x_wconf 82' lang='lat' dir='ltr'>Expertum</span> <span class='ocrx_word' id='word_1_204' title='bbox 451 3532 501 3588; x_wconf 87' lang='lat' dir='ltr'>est</span> <span class='ocrx_word' id='word_1_205' title='bbox 516 3545 573 3606; x_wconf 90' lang='lat' dir='ltr'>per</span> <span class='ocrx_word' id='word_1_206' title='bbox 589 3528 840 3588; x_wconf 86' lang='lat' dir='ltr'>destillationem</span> <span class='ocrx_word' id='word_1_207' title='bbox 859 3528 997 3588; x_wconf 89' lang='lat' dir='ltr'>obtineri</span> <span class='ocrx_word' id='word_1_208' title='bbox 1008 3528 1154 3606; x_wconf 90' lang='lat' dir='ltr'>spiritum</span> <span class='ocrx_word' id='word_1_209' title='bbox 1169 3533 1202 3588; x_wconf 91' lang='lat' dir='ltr'>et</span> <span class='ocrx_word' id='word_1_210' title='bbox 1212 3530 1362 3606; x_wconf 89' lang='lat' dir='ltr'>phlegma</span> 
     </span>
     <span class='ocr_line' id='line_1_28' title="bbox 215 3627 1363 3706; baseline 0.003 -21"><span class='ocrx_word' id='word_1_211' title='bbox 215 3627 307 3687; x_wconf 90' lang='lat' dir='ltr'>simul</span> <span class='ocrx_word' id='word_1_212' title='bbox 326 3632 447 3702; x_wconf 87' lang='lat' dir='ltr'>sumta,</span> <span class='ocrx_word' id='word_1_213' title='bbox 475 3634 510 3688; x_wconf 93' lang='lat' dir='ltr'>ut</span> <span class='ocrx_word' id='word_1_214' title='bbox 526 3629 697 3706; x_wconf 86' lang='lat' dir='ltr'>plusquam</span> <span class='ocrx_word' id='word_1_215' title='bbox 716 3627 879 3688; x_wconf 90' lang='lat' dir='ltr'>dimidium</span> <span class='ocrx_word' id='word_1_216' title='bbox 898 3629 975 3688; x_wconf 86' lang='lat' dir='ltr'>salis</span> <span class='ocrx_word' id='word_1_217' title='bbox 992 3629 1102 3706; x_wconf 85' lang='lat' dir='ltr'>injecti</span> <span class='ocrx_word' id='word_1_218' title='bbox 1119 3629 1247 3706; x_wconf 92' lang='lat' dir='ltr'>pondus</span> <span class='ocrx_word' id='word_1_219' title='bbox 1264 3631 1363 3689; x_wconf 92' lang='lat' dir='ltr'>habe-</span> 
     </span>
     <span class='ocr_line' id='line_1_29' title="bbox 215 3728 1363 3808; baseline 0.003 -21"><span class='ocrx_word' id='word_1_220' title='bbox 215 3733 283 3800; x_wconf 87' lang='lat' dir='ltr'>ant,</span> <span class='ocrx_word' id='word_1_221' title='bbox 302 3728 437 3803; x_wconf 90' lang='lat' dir='ltr'>scilicet,</span> <span class='ocrx_word' id='word_1_222' title='bbox 457 3733 492 3788; x_wconf 94' lang='lat' dir='ltr'>ut</span> <span class='ocrx_word' id='word_1_223' title='bbox 508 3728 636 3807; x_wconf 90' lang='lat' dir='ltr'>pondus</span> <span class='ocrx_word' id='word_1_224' title='bbox 653 3730 849 3807; x_wconf 86' lang='lat' dir='ltr'>phlegmatis</span> <span class='ocrx_word' id='word_1_225' title='bbox 867 3734 899 3788; x_wconf 88' lang='lat' dir='ltr'>et</span> <span class='ocrx_word' id='word_1_226' title='bbox 916 3729 1047 3806; x_wconf 91' lang='lat' dir='ltr'>spiritus</span> <span class='ocrx_word' id='word_1_227' title='bbox 1064 3729 1105 3789; x_wconf 93' lang='lat' dir='ltr'>sit</span> <span class='ocrx_word' id='word_1_228' title='bbox 1131 3747 1149 3805; x_wconf 91' lang='lat'><strong><em>7</em></strong></span> <span class='ocrx_word' id='word_1_229' title='bbox 1176 3734 1209 3789; x_wconf 92' lang='lat' dir='ltr'>et</span> <span class='ocrx_word' id='word_1_230' title='bbox 1235 3730 1363 3808; x_wconf 88' lang='lat' dir='ltr'>pondus</span> 
     </span>
    </p>
   </div>
   <div class='ocr_carea' id='block_1_7' title="bbox 215 3827 1465 3906">
    <p class='ocr_par' dir='ltr' id='par_1_7' title="bbox 215 3827 1465 3906">
     <span class='ocr_line' id='line_1_30' title="bbox 215 3827 1465 3906; baseline 0.003 -19"><span class='ocrx_word' id='word_1_231' title='bbox 215 3827 291 3888; x_wconf 90' lang='lat' dir='ltr'>salis</span> <span class='ocrx_word' id='word_1_232' title='bbox 306 3829 461 3888; x_wconf 89' lang='lat' dir='ltr'>destillati</span> <span class='ocrx_word' id='word_1_233' title='bbox 488 3830 530 3888; x_wconf 88' lang='lat' dir='ltr'>sit</span> <span class='ocrx_word' id='word_1_234' title='bbox 559 3843 607 3889; x_wconf 87' lang='lat'>12.</span> <span class='ocrx_word' id='word_1_235' title='bbox 660 3828 820 3890; x_wconf 84' lang='lat' dir='ltr'>Referunt</span> <span class='ocrx_word' id='word_1_236' title='bbox 846 3829 944 3888; x_wconf 90' lang='lat' dir='ltr'>etiam</span> <span class='ocrx_word' id='word_1_237' title='bbox 971 3830 1080 3906; x_wconf 87' lang='lat' dir='ltr'>aliqui,</span> <span class='ocrx_word' id='word_1_238' title='bbox 1110 3830 1362 3891; x_wconf 84' lang='lat' dir='ltr'>destillationem</span> <span class='ocrx_word' id='word_1_239' title='bbox 1463 3829 1465 3836; x_wconf 85' lang='grc'><strong>’</strong></span> 
     </span>
    </p>
   </div>
   <div class='ocr_carea' id='block_1_8' title="bbox 214 3919 1363 4606">
    <p class='ocr_par' dir='ltr' id='par_1_8' title="bbox 214 3919 1363 4108">
     <span class='ocr_line' id='line_1_31' title="bbox 215 3919 1363 4010; baseline 0.002 -22"><span class='ocrx_word' id='word_1_240' title='bbox 215 3930 298 3988; x_wconf 88' lang='lat' dir='ltr'>hanc</span> <span class='ocrx_word' id='word_1_241' title='bbox 315 3946 412 4007; x_wconf 91' lang='lat' dir='ltr'>posse</span> <span class='ocrx_word' id='word_1_242' title='bbox 429 3929 501 3990; x_wconf 86' lang='lat' dir='ltr'>sine</span> <span class='ocrx_word' id='word_1_243' title='bbox 517 3919 749 3990; x_wconf 87' lang='lat' dir='ltr'>commixtione</span> <span class='ocrx_word' id='word_1_244' title='bbox 766 3930 828 3989; x_wconf 91' lang='lat' dir='ltr'>boli</span> <span class='ocrx_word' id='word_1_245' title='bbox 846 3931 897 3988; x_wconf 93' lang='lat' dir='ltr'>vel</span> <span class='ocrx_word' id='word_1_246' title='bbox 915 3930 1036 4007; x_wconf 85' lang='lat' dir='ltr'>argillae</span> <span class='ocrx_word' id='word_1_247' title='bbox 1061 3947 1229 4010; x_wconf 87' lang='lat' dir='ltr'>peragere,</span> <span class='ocrx_word' id='word_1_248' title='bbox 1257 3936 1290 3991; x_wconf 90' lang='lat' dir='ltr'>et</span> <span class='ocrx_word' id='word_1_249' title='bbox 1318 3932 1363 3990; x_wconf 91' lang='lat' dir='ltr'>ni-</span> 
     </span>
     <span class='ocr_line' id='line_1_32' title="bbox 214 4027 1264 4108; baseline 0.004 -20"><span class='ocrx_word' id='word_1_250' title='bbox 214 4027 391 4090; x_wconf 89' lang='lat' dir='ltr'>hilominus</span> <span class='ocrx_word' id='word_1_251' title='bbox 407 4029 526 4090; x_wconf 85' lang='lat' dir='ltr'>dictum</span> <span class='ocrx_word' id='word_1_252' title='bbox 545 4029 673 4108; x_wconf 90' lang='lat' dir='ltr'>pondus</span> <span class='ocrx_word' id='word_1_253' title='bbox 698 4030 893 4108; x_wconf 85' lang='lat' dir='ltr'>phlegmatis</span> <span class='ocrx_word' id='word_1_254' title='bbox 909 4034 942 4088; x_wconf 86' lang='lat' dir='ltr'>et</span> <span class='ocrx_word' id='word_1_255' title='bbox 959 4030 1090 4108; x_wconf 87' lang='lat' dir='ltr'>spiritus</span> <span class='ocrx_word' id='word_1_256' title='bbox 1105 4031 1264 4093; x_wconf 90' lang='lat' dir='ltr'>obtinere.</span> 
     </span>
    </p>

    <p class='ocr_par' dir='ltr' id='par_1_9' title="bbox 214 4128 1362 4409">
     <span class='ocr_line' id='line_1_33' title="bbox 255 4128 1362 4209; baseline 0.002 -20"><span class='ocrx_word' id='word_1_257' title='bbox 255 4128 287 4189; x_wconf 85' lang='lat' dir='ltr'>si</span> <span class='ocrx_word' id='word_1_258' title='bbox 314 4130 446 4208; x_wconf 89' lang='lat' dir='ltr'>spiritus</span> <span class='ocrx_word' id='word_1_259' title='bbox 473 4129 656 4191; x_wconf 88' lang='lat' dir='ltr'>destilletur</span> <span class='ocrx_word' id='word_1_260' title='bbox 683 4148 724 4191; x_wconf 89' lang='lat' dir='ltr'>ex</span> <span class='ocrx_word' id='word_1_261' title='bbox 751 4132 820 4190; x_wconf 87' lang='lat' dir='ltr'>sale</span> <span class='ocrx_word' id='word_1_262' title='bbox 842 4129 1054 4208; x_wconf 90' lang='lat' dir='ltr'>decrepitato,</span> <span class='ocrx_word' id='word_1_263' title='bbox 1081 4130 1166 4208; x_wconf 90' lang='lat' dir='ltr'>quod</span> <span class='ocrx_word' id='word_1_264' title='bbox 1192 4131 1251 4191; x_wconf 91' lang='lat' dir='ltr'>soli</span> <span class='ocrx_word' id='word_1_265' title='bbox 1274 4132 1362 4209; x_wconf 90' lang='lat' dir='ltr'>prius</span> 
     </span>
     <span class='ocr_line' id='line_1_34' title="bbox 214 4229 1359 4310; baseline 0.003 -22"><span class='ocrx_word' id='word_1_266' title='bbox 214 4231 397 4308; x_wconf 87' lang='lat' dir='ltr'>expositum</span> <span class='ocrx_word' id='word_1_267' title='bbox 428 4229 548 4306; x_wconf 86' lang='lat' dir='ltr'>iuerat,</span> <span class='ocrx_word' id='word_1_268' title='bbox 592 4232 694 4309; x_wconf 89' lang='lat' dir='ltr'>maj0r</span> <span class='ocrx_word' id='word_1_269' title='bbox 730 4248 805 4310; x_wconf 89' lang='lat' dir='ltr'>pars</span> <span class='ocrx_word' id='word_1_270' title='bbox 840 4231 1037 4309; x_wconf 87' lang='lat' dir='ltr'>phlegmatis</span> <span class='ocrx_word' id='word_1_271' title='bbox 1068 4231 1233 4291; x_wconf 90' lang='lat' dir='ltr'>obtinetur</span> <span class='ocrx_word' id='word_1_272' title='bbox 1263 4248 1359 4309; x_wconf 89' lang='lat' dir='ltr'>quam</span> 
     </span>
     <span class='ocr_line' id='line_1_35' title="bbox 214 4331 357 4409; baseline 0.028 -21"><span class='ocrx_word' id='word_1_273' title='bbox 214 4331 357 4409; x_wconf 75' lang='lat' dir='ltr'>spiritus</span> 
     </span>
    </p>

    <p class='ocr_par' dir='ltr' id='par_1_10' title="bbox 215 4429 1360 4606">
     <span class='ocr_line' id='line_1_36' title="bbox 255 4429 1360 4511; baseline 0.003 -21"><span class='ocrx_word' id='word_1_274' title='bbox 255 4429 488 4507; x_wconf 86' lang='lat' dir='ltr'>Quantitatem</span> <span class='ocrx_word' id='word_1_275' title='bbox 506 4430 638 4511; x_wconf 91' lang='lat' dir='ltr'>spiritus</span> <span class='ocrx_word' id='word_1_276' title='bbox 654 4432 769 4492; x_wconf 89' lang='lat' dir='ltr'>dicitur</span> <span class='ocrx_word' id='word_1_277' title='bbox 785 4431 936 4507; x_wconf 90' lang='lat' dir='ltr'>obtineri,</span> <span class='ocrx_word' id='word_1_278' title='bbox 955 4431 982 4492; x_wconf 90' lang='lat' dir='ltr'>si</span> <span class='ocrx_word' id='word_1_279' title='bbox 997 4430 1130 4508; x_wconf 90' lang='lat' dir='ltr'>spiritus</span> <span class='ocrx_word' id='word_1_280' title='bbox 1147 4429 1283 4492; x_wconf 92' lang='lat' dir='ltr'>victrioli</span> <span class='ocrx_word' id='word_1_281' title='bbox 1298 4449 1360 4493; x_wconf 91' lang='lat' dir='ltr'>non</span> 
     </span>
     <span class='ocr_line' id='line_1_37' title="bbox 215 4530 930 4606; baseline -0.004 -10"><span class='ocrx_word' id='word_1_282' title='bbox 215 4530 381 4596; x_wconf 86' lang='lat' dir='ltr'>rectificati</span> <span class='ocrx_word' id='word_1_283' title='bbox 397 4531 648 4594; x_wconf 85' lang='lat' dir='ltr'>commisceatur</span> <span class='ocrx_word' id='word_1_284' title='bbox 664 4533 696 4593; x_wconf 91' lang='lat' dir='ltr'>in</span> <span class='ocrx_word' id='word_1_285' title='bbox 714 4537 847 4606; x_wconf 88' lang='lat' dir='ltr'>retorta.</span> <span class='ocrx_word' id='word_1_286' title='bbox 927 4539 930 4546; x_wconf 89' lang='lat'>&#39;</span> 
     </span>
    </p>
   </div>
   <div class='ocr_carea' id='block_1_9' title="bbox 0 0 1726 5302">
    <p class='ocr_par' dir='ltr' id='par_1_11' title="bbox 0 0 1726 5302">
     <span class='ocr_line' id='line_1_38' title="bbox 0 0 1726 5302; baseline 0 0"><span class='ocrx_word' id='word_1_287' title='bbox 0 0 1726 5302; x_wconf 95' lang='lat' dir='ltr'> </span> 
     </span>
    </p>
   </div>
  </div>
 </body>
</html>
