3524 5314
334 639 374 720 48
697 637 755 710 ΒΕ
775 641 883 710 SALE
904 641 1120 710 COMMUNl

333 831 385 892 bae
401 828 718 907 diversaequaiitatis
730 803 886 906 aquae;'er
901 828 1059 890 educitur¹
1077 829 1178 906 [aqua
1194 828 1314 906 dulcis]
1328 828 1359 888 in
1371 843 1480 908 recep·

334 930 479 992 taculum
496 929 658 1006 quoddam
676 945 829 1008 magnum
854 927 968 991 iormae
993 928 1162 1006 quadratae
1189 928 1343 1004 ligneum,
1361 944 1402 988 ex
1417 944 1481 1006 quo

334 1029 410 1091 dein
427 1029 631 1108 subtrahitur
646 1045 732 1108 aqua
749 1034 783 1090 et
798 1029 987 1091 exantlatur
1003 1046 1063 1108 ope
1080 1029 1252 1108 siphonum
1269 1034 1302 1088 et
1319 1028 1482 1090 machina·

335 1129 438 1192 menti
453 1130 538 1208 quod
555 1130 597 1190 ab
614 1130 706 1209 equis
722 1130 863 1208 agitatur
878 1150 885 1205 ;
901 1129 1005 1190 fertur
1022 1145 1100 1190 vero
1116 1145 1201 1206 aqua
1217 1129 1322 1190 salina
1338 1129 1369 1189 in
1395 1145 1480 1208 mag·
1588 1201 1591 1204 ,

334 1248 395 1292 nas
409 1231 567 1308 quasdam
584 1229 758 1305 cisternas,
776 1247 817 1292 ex
832 1229 951 1308 quibus
966 1229 1063 1291 etiam
1080 1245 1141 1308 ope
1161 1229 1320 1290 machinae
1339 1228 1481 1307 hydrau-

333 1331 416 1406 licae,
426 1347 501 1410 quae
514 1329 663 1410 Chapelel
673 1335 821 1404 vocatur,
836 1347 954 1392 versus
966 1330 1133 1409 superiora
1146 1329 1292 1391 educitur
1305 1329 1479 1407 etquidem

334 1431 366 1494 in
383 1432 626 1511 receptaculum
644 1430 821 1508 quoddam,
839 1448 880 1492 ex
895 1447 959 1510 quo
975 1430 1048 1492 dein
1065 1431 1097 1491 in
1115 1430 1223 1492 varias
1238 1431 1352 1492 domos
1364 1431 1480 1492 salina·

332 1532 398 1593 rias
413 1531 629 1608 distribuitur,
647 1531 702 1593 ubi
718 1534 750 1593 in
765 1533 813 1592 sal
830 1531 1034 1610 excoquitur.

376 1632 409 1694 ln
428 1632 534 1694 medio
549 1631 666 1694 domus
681 1631 920 1711 evaporatoriae
932 1631 1151 1707 estcaminus,
1164 1635 1306 1711 etsupra
1317 1630 1479 1692 caminum

335 1750 453 1811 magna
469 1733 593 1794 cortina
610 1733 662 1793 vel
681 1749 833 1810 magnum
852 1748 912 1793 vas
927 1731 1189 1812 evaporatorlum
1206 1730 1319 1808 ngurae
1335 1730 1482 1793 rotundae

335 1838 368 1896 et
384 1832 597 1912 amplitudine
621 1847 661 1909 24
687 1833 818 1912 pedum,
845 1837 878 1894 et
904 1832 1125 1910 profunditate
1151 1847 1171 1894 2
1200 1831 1332 1911 pedum,
1365 1835 1481 1909 estque

333 1951 437 2013 capax
453 1932 523 1994 iere
541 1948 580 2011 30
596 1932 712 2004 muids.
759 1931 959 1995 Coniectum
977 1938 1029 1994 est
1051 1950 1112 1993 vas
1138 1933 1198 1994 hoc
1220 1932 1479 2011 evaporatorium

333 2033 479 2115 piurimis
495 2033 624 2096 laminis
639 2034 754 2095 terreis
768 2050 843 2110 quae
858 2051 930 2094 cum
948 2033 1051 2095 clavis
1067 2032 1173 2094 valide
1190 2037 1268 2094 sunt
1283 2029 1482 2110 coniunctam

333 2139 368 2197 et
382 2135 534 2212 quoniam
552 2134 679 2212 pondus
695 2138 761 2196 tam
779 2134 868 2196 vasis
883 2150 980 2211 quam
998 2135 1095 2195 etiarn
1113 2149 1207 2211 aquae
1223 2133 1299 2193 inibi
1316 2137 1482 2194 contenlae

333 2240 386 2296 est
401 2235 537 2314 grande,
552 2235 627 2296 binc
641 2235 765 2296 baculis
782 2239 815 2296 et
832 2233 930 2311 virgis
946 2233 1133 2296 fortioribus
1146 2232 1224 2295 terri
1236 2233 1267 2294 in
1283 2233 1387 2295 medio
1398 2233 1482 2312 posi-

334 2335 375 2397 tis
391 2334 586 2410 sustinetur,
603 2335 656 2411 qui
673 2335 779 2395 baculi
795 2334 916 2412 alligati
933 2339 1011 2395 sunt
1031 2334 1128 2412 lignis
1157 2351 1231 2412 quae
1258 2336 1289 2396 in
1316 2334 1482 2413 superiore

334 2436 450 2496 domus
466 2439 558 2514 parte
574 2435 789 2496 transversim
807 2441 885 2496 sunt
902 2435 1065 2514 repositae.

376 2536 468 2614 Aqua
485 2536 555 2596 lraec
572 2534 677 2596 salina
692 2536 711 2597 8
728 2537 877 2596 horarum
902 2535 1007 2614 spatio
1030 2553 1112 2615 opus
1129 2537 1229 2596 nabet
1249 2541 1426 2613 antequam
1450 2535 1480 2596 in

332 2637 434 2698 salem
452 2635 661 2716 excoquitur;
677 2652 817 2714 cumque
834 2637 881 2697 sal
896 2637 1036 2697 habetur
1053 2640 1239 2711 excoctum,
1257 2653 1332 2716 pars
1348 2635 1483 2696 humidi·

336 2737 413 2799 tatis
429 2736 506 2797 inibi
520 2741 669 2798 remanet
683 2757 690 2813 ;
706 2736 795 2797 illam
813 2737 853 2797 ob
869 2754 1002 2797 causam
1028 2741 1219 2815 exportatur
1243 2737 1316 2797 inde
1329 2735 1360 2797 in
1384 2737 1480 2796 alium

337 2840 454 2906 locum,
471 2838 525 2898 ubi
557 2838 719 2899 relocatur
735 2837 766 2897 in
795 2837 1010 2916 receptaculis
1033 2837 1228 2916 quibusdam
1255 2837 1369 2916 ligneis
1397 2835 1483 2914 quae'

336 2943 496 3000 vocantur
511 2937 653 3015 Sebr'lles,
672 2938 770 3015 inque
786 2938 839 2999 illu
855 2936 972 3013 forma,
991 2943 1026 3014 ut
1052 2939 1203 2999 cumulus
1226 2937 1335 3016 quivis
1358 2937 1483 2998 salinus
1527 3000 1529 3005 ,

333 3039 375 3100 sit
390 3040 409 3100 8
424 3039 506 3120 digg.
523 3039 681 3099 diametro
705 3042 738 3100 et
764 3054 784 3114 4
810 3038 994 3099 altitudine.
1041 3037 1108 3100 Hoc
1136 3038 1230 3102 modo
1257 3039 1398 3100 siccatur
1421 3039 1481 3114 sal,

331 3141 444 3200 subter
460 3140 546 3200 enim
561 3139 647 3200 calor
659 3139 806 3217 modicus
815 3139 928 3218 spirat,
941 3143 974 3201 et
986 3139 1126 3200 calidum
1141 3139 1245 3200 reddit
1257 3138 1480 3219 pavimentum

331 3239 473 3302 terreum
491 3256 589 3318 supra
605 3240 691 3317 quod
708 3241 805 3301 orbes
822 3240 853 3300 bi
870 3239 965 3300 salini
981 3245 1059 3300 sunt
1076 3239 1221 3302 relocati.

373 3339 426 3401 Sal
443 3340 475 3400 in
493 3340 542 3400 tris
559 3339 635 3400 locis
651 3339 691 3401 ad
703 3341 838 3401 multam
853 3339 976 3419 copiam
989 3345 1134 3419 paratur,
1147 3342 1250 3401 multa
1262 3339 1348 3401 enim
1365 3339 1481 3419 parsin

332 3442 401 3520 ipsa
418 3440 584 3519 provincia
600 3440 815 3515 consumitur,
834 3441 934 3503 multa
952 3440 1050 3502 etiarn
1068 3440 1142 3503 inde
1158 3441 1189 3501 in
1207 3441 1269 3502 alia
1287 3440 1355 3502 loca
1377 3445 1482 3502 trans·

336 3539 451 3602 lectur.

374 3640 407 3702 ln
426 3640 579 3702 lorraine
596 3646 674 3702 sunt
690 3640 788 3703 etiarn
818 3642 919 3703 multa
935 3658 1033 3722 opera
1049 3642 1148 3720 hujus
1163 3641 1295 3720 generis
1315 3641 1479 3703 salinaria.

331 3742 497 3821 Praecipua
514 3746 592 3802 sunt
609 3739 770 3818 Rosieres,
790 3740 1071 3804 ChateauSalins
1084 3746 1117 3803 et
1134 3742 1257 3804 Dieuze
1269 3763 1276 3818 ;
1289 3748 1367 3803 sunt
1382 3743 1479 3803 etiam

332 3843 434 3906 multa
451 3841 515 3903 alia
542 3841 625 3902 circa
649 3840 785 3902 fluvium
815 3843 853 3905 de
883 3841 982 3904 Seille
1012 3848 1045 3904 et
1074 3846 1111 3905 de
1141 3841 1250 3918 Sarre,
1282 3847 1317 3903 ut
1348 3839 1479 3914 Marsnl,

330 3943 462 4018 Solone,
481 3941 632 4018 Surable,
654 3943 718 4020 [la]
750 3942 850 4004 Sure'e
878 3949 911 4004 et
938 3942 1037 4017 Salle,
1067 3944 1123 4004 sed
1151 3944 1235 4004 circa
1263 3948 1331 4004 tres
1358 3944 1479 4022 priores

331 4062 414 4124 opus
449 4042 544 4104 modo
574 4043 796 4105 continuatur.
867 4042 980 4123 Opera
1011 4043 1165 4104 salinaria
1194 4043 1278 4104 circa
1316 4042 1479 4106 Rosieres¹

331 4147 465 4207 multam
482 4143 580 4205 etiam
599 4144 723 4222 copiam
742 4143 819 4204 salis
836 4144 1066 4223 suppeditant;
1082 4161 1166 4222 aqua
1183 4144 1255 4222 ejus
1276 4143 1375 4205 tontis
1394 4156 1408 4223 5
1426 4144 1476 4204 vel

328 4246 350 4308 6
365 4246 464 4307 libras
480 4244 557 4306 salis
573 4244 720 4305 continet
736 4245 767 4305 in
789 4259 845 4306 100
861 4245 950 4305 libris
965 4261 1078 4323 aquae;
1103 4249 1136 4306 et
1160 4260 1244 4321 aqua
1260 4245 1297 4306 de
1310 4243 1476 4305 Chateau·

329 4346 439 4410 Salius
458 4362 495 4423 14
510 4345 550 4406 ad
570 4356 604 4422 15
622 4361 679 4424 per
695 4345 852 4407 centnm‘.
899 4344 1050 4408 Rosieres
1077 4345 1278 4424 suppeditat·
1300 4345 1478 4422 quotannis

329 4447 412 4516 0000
428 4445 533 4512 muids
549 4445 645 4521 salis;
663 4444 787 4508 Dieuze
803 4446 903 4522 8000;
921 4443 1202 4514 enatem-salins
1228 4451 1357 4512 tanturn
1385 4457 1474 4529 5500.
