3524 5314
387 720 544 790 COCUO
564 723 685 790 sauls
704 721 761 790 EX
781 725 911 805 AQUA
933 723 1111 790 MARINA
1133 723 1310 792 scorlAE.
1383 741 1419 804 41

275 921 359 984 aqua
376 908 473 969 unius
488 925 641 970 cavernae
657 926 721 988 quo
737 910 768 970 ln
785 927 870 989 aqua
886 911 1033 987 alterius,
1056 911 1139 972 adeo
1162 917 1209 987 ut,
1234 911 1309 973 licet
1331 913 1423 992 plura

278 1007 503 1085 hujuscemodi
528 1011 597 1071 loca
620 1011 697 1086 sint,
726 1027 830 1088 usque
854 1017 966 1072 tamen
992 1012 1107 1072 eodem
1135 1016 1283 1092 ternpore
1308 1028 1424 1074 omnes

275 1107 550 1186 praecipitationes
565 1127 662 1188 posse
678 1111 803 1172 institui
816 1117 849 1173 et
861 1113 982 1191 peragi.
1026 1128 1058 1188 4.
1075 1111 1184 1173 Salem
1198 1129 1239 1174 ex
1252 1129 1336 1190 aqua
1349 1113 1422 1188 bac,

275 1207 306 1268 ln
322 1224 420 1286 quam
437 1211 660 1289 praecipitatus
676 1217 727 1272 est
742 1212 803 1287 sal,
821 1213 952 1291 optimae
968 1212 1084 1274 indolis
1100 1229 1187 1288 esse,
1204 1217 1365 1292 quantum
1383 1229 1424 1274 ex

275 1325 391 1388 sapore
407 1314 441 1370 et
456 1311 562 1372 colore
576 1311 722 1390 iudicare
737 1311 837 1388 licuit,
855 1317 888 1373 et
901 1313 976 1374 licet
989 1314 1111 1383 rubedo
1122 1314 1272 1391 quaedam
1286 1329 1424 1393 apparu·

275 1409 356 1471 isset
371 1411 402 1471 in
426 1412 495 1472 sale
511 1411 649 1489 primum
667 1417 771 1487 cocto,
789 1417 955 1474 testantur
979 1412 1168 1474 Himsellum
1191 1413 1222 1475 in
1247 1413 1423 1493 praesentia

274 1509 399 1572 illorum
418 1512 608 1574 rubedinem
625 1513 711 1573 illam
729 1513 918 1590 abstulisse,
944 1517 978 1574 et
1001 1514 1177 1591 genuinum
1199 1515 1340 1576 colorem
1365 1514 1425 1575 sali

275 1626 335 1672 suo
351 1603 540 1674 reddidisse.
589 1625 617 1692 5.
644 1613 910 1692 Experimentum
927 1613 1016 1690 lecit,
1034 1614 1185 1693 exiguam
1203 1615 1278 1693 ligni
1299 1614 1422 1694 copiam

276 1711 316 1770 ad
331 1711 512 1774 coctionem
530 1717 563 1774 et
579 1714 848 1792 evaporationem
875 1715 973 1792 hujus
994 1731 1090 1794 aquae
1112 1715 1143 1776 in
1166 1716 1268 1776 salem
1292 1715 1421 1792 requiri,

275 1811 406 1873 diversa
436 1815 521 1874 enim
548 1830 670 1892 genera
697 1831 792 1892 aquae
818 1815 1031 1894 praecipitatae
1057 1817 1089 1876 in
1119 1821 1268 1896 promptu
1297 1816 1423 1878 habuit.

278 1911 374 1973 Plura
390 1913 503 1974 videas
518 1914 550 1974 in
567 1914 637 1992 ipso
652 1914 852 1989 testimonio,
873 1916 991 1994 [quod]
1011 1915 1120 1995 lingua
1134 1915 1333 1978 Germanica
1350 1932 1425 1977 con·

275 2014 431 2093 scriptum
449 2019 482 2074 et
497 2014 657 2075 insertum
673 2012 774 2078 Novis
789 2015 965 2078 litterariis
979 2014 1084 2079 Moris
1098 2015 1238 2079 Balllrici
1257 2033 1313 2096 pro
1336 2033 1424 2078 anno

279 2114 369 2196 1699,
387 2113 493 2177 Mens.
513 2115 612 2194 April,
630 2131 661 2194 p.
684 2129 753 2192 104.

318 2215 365 2276 Ex
380 2215 431 2277 bis
447 2215 559 2276 videre
576 2216 651 2294 licet
671 2215 756 2293 quod
783 2214 880 2279 Doct.
904 2214 1016 2279 Gebb.
1041 2215 1217 2278 Hlmselius
1239 2221 1343 2278 artem
1367 2217 1424 2278 ali·

274 2332 371 2393 quam
397 2315 581 2395 possederit
605 2316 829 2395 praecipitandi
854 2318 907 2377 vel
931 2317 1166 2378 concentrandi
1188 2317 1235 2378 sal
1259 2316 1291 2378 ln
1318 2318 1422 2395 aquis,
1521 2349 1524 2354 >

274 2416 355 2477 adeo
372 2420 487 2478 utnon
504 2417 599 2478 modo
616 2417 782 2496 impensas
795 2417 961 2479 sedetiam
975 2417 1271 2496 consumptionem¹
1289 2417 1423 2496 lignidi·

275 2517 456 2593 minueret;
473 2517 570 2594 inque
587 2519 763 2596 praesentia
779 2519 916 2596 plurium
934 2517 1022 2597 prius
1039 2524 1289 2580 memoratorum
1312 2522 1423 2579 osten·

260 2604 360 2678 'disse
376 2617 490 2678 dicitur
507 2618 677 2679 reduxisse
693 2635 825 2696 aquam,
844 2635 917 2698 quae
940 2619 971 2679 in
989 2619 1068 2679 libra
1085 2614 1156 2680 sive
1174 2633 1214 2696 32
1234 2618 1424 2680 lothonibus

277 2736 288 2779 1
309 2718 404 2780 modo
416 2720 582 2780 lotbonem
596 2719 674 2779 salis
685 2719 915 2794 continuisset,
930 2719 1012 2780 adeo
1025 2724 1060 2781 ut
1072 2720 1256 2782 contineret
1271 2727 1304 2781 11
1320 2719 1423 2781 lotbo-

276 2836 347 2895 nes,
365 2823 398 2880 el
414 2835 532 2896 aquam
549 2819 580 2879 in
597 2819 725 2880 dimidio
738 2821 896 2880 cantharo
910 2822 962 2880 vel
975 2820 1050 2900 Slop
1061 2823 1296 2882 concentrasse
1318 2821 1421 2881 salem

275 2920 315 2981 ad
334 2920 556 2996 3olottrones;
582 2936 667 2979 uuus
692 2920 789 2980 etiam
815 2937 856 2979 ex
881 2919 976 2980 sociis
1002 2920 1085 2998 ejus,
1112 2921 1166 2998 qul
1192 2919 1290 2981 etiam
1315 2921 1423 2983 lraeres

274 3019 383 3081 factus
399 3025 451 3082 est
466 3021 545 3082 artis
560 3021 644 3099 ejus,
669 3019 792 3081 Elrlrart
815 3021 1012 3100 appellatus,
1038 3037 1126 3082 anno
1154 3035 1231 3098 1727
1256 3020 1424 3100 privilegio

275 3120 392 3182 muniri
406 3137 423 3181 a
442 3119 529 3200 Rege
545 3121 650 3201 petiit,
667 3120 724 3181 sed
741 3137 829 3182 anno
848 3121 926 3196 1728
942 3137 959 3180 e
977 3121 1062 3181 vivis
1077 3121 1232 3182 excessit.

808 3353 887 3417 XIX.

373 3537 555 3601 COCTlO
578 3536 696 3603 satis
721 3537 773 3600 ΕΧ
797 3537 920 3616 aQtln
945 3538 1109 3601 MARlNA
1134 3536 1325 3601 SCOTIAE.

318 3722 414 3786 Circa
428 3723 552 3784 tremit
562 3728 641 3784 sunt
653 3724 672 3784 8
684 3724 819 3783 cortinae
832 3723 884 3782 vel
900 3739 980 3783 vasa
994 3722 1242 3803 evaporatoria;
1257 3723 1426 3800 quodlibet

275 3842 367 3886 suam
384 3824 562 3885 cisternam
580 3825 692 3895 lrabet,
709 3823 740 3883 in
762 3840 859 3901 quam
883 3822 954 3885 tluit
977 3839 1062 3901 aqua
1086 3823 1211 3884 marina
1234 3839 1306 3884 curn
1331 3824 1424 3887 altior

273 3925 527 4002 stat;derivatur
541 3925 572 3985 in
585 3924 689 4002 dictas
701 3924 864 3985 cisternas
876 3940 932 4002 per
944 3925 1080 3985 canales
1093 3929 1127 3984 et
1140 3929 1269 3985 meatus
1282 3924 1322 3986 ad
1335 3925 1422 3985 illum

274 4023 372 4087 finem
389 4025 507 4101 tactos,
525 4024 600 4086 inde
617 4025 806 4086 exantlatur
822 4040 906 4102 aqua
923 4024 954 4085 in
970 4024 1187 4085 canaliculum
1209 4024 1373 4103 quendam
1391 4028 1424 4085 et

273 4127 318 4188 sic
335 4126 463 4187 ducitur
478 4127 509 4186 in
527 4143 587 4187 vas
602 4125 736 4187 dictum.
782 4123 879 4186 Circa
898 4142 935 4188 os
951 4126 1074 4186 canalis
1095 4127 1234 4186 cribrum
1260 4123 1421 4202 quoddam

275 4228 451 4306 repositum
468 4232 531 4302 est,
550 4227 603 4288 illo
619 4226 706 4286 enim
724 4225 933 4286 retardantur
949 4224 1050 4286 faeces
1066 4232 1099 4286 et
1120 4225 1325 4305 impuritates
1347 4239 1422 4302 quae

275 4329 368 4389 simul
386 4327 417 4388 in
435 4343 496 4388 vas
513 4326 590 4387 illud
607 4343 672 4387 una
694 4343 766 4386 cum
791 4343 876 4402 aqua
893 4324 1096 4387 influerent.¹
1141 4323 1354 4386 Vasexferro
1370 4329 1422 4385 est

273 4428 409 4504 lactum,
427 4427 662 4506 longitudinem
683 4427 718 4488 18
734 4427 852 4505 pedum
870 4426 1009 4500 habens,
1027 4424 1232 4485 latitudinem
1245 4442 1277 4504 9,
1292 4428 1422 4486 constat

274 4529 360 4590 enim
377 4528 505 4590 laminis
521 4525 636 4589 terreis
650 4543 725 4605 quae
738 4527 769 4587 in
783 4525 887 4588 torma
898 4526 1055 4604 quadrata
1069 4529 1147 4584 sunt
1160 4523 1320 4603 apedum,
1335 4539 1421 4584 cras-
