3442 5302
496 810 498 814 ,
598 727 769 812 'AQUAE
794 735 1021 800 GALLICAE
1356 751 1413 825 rr9

215 929 353 997 praeter
367 909 546 983 alcalicum
562 917 670 982 salem
687 919 745 996 qui
762 940 1045 996 quorumcunque
1061 919 1236 984 acidorum
1253 919 1413 983 mistione

215 1019 399 1097 plurimum
414 1018 661 1086 fermentescit.
1305 1019 1308 1026 '

254 1121 392 1195 Aquam
422 1121 626 1184 Mz'neralem
663 1121 703 1182 de
740 1119 880 1196 Vezelay
908 1118 943 1182 in
974 1119 1174 1195 Burgundia
1204 1119 1413 1184 examinavit

215 1221 312 1282 Dnus
339 1219 547 1295 L'Emmeri,
573 1228 608 1283 et
634 1221 727 1284 facta
754 1241 816 1297 per
840 1219 1002 1284 balneum
1029 1206 1158 1283 Mariae
1181 1218 1414 1285 destillatione

215 1319 358 1393 notavit,
381 1322 400 1382 4
424 1319 575 1397 ejusdem
600 1319 705 1384 libras
727 1321 745 1382 2
768 1319 947 1397 scrupulos
970 1319 1185 1396 totidemque
1209 1341 1314 1396 grana
1337 1321 1414 1383 sub-

16 1477 17 1492 ,
129 1467 131 1472 .
213 1417 299 1482 fusci
321 1420 499 1496 cujusdam
522 1419 602 1483 salis
622 1420 715 1493 dare,
735 1421 869 1483 marino
892 1421 962 1483 sali
984 1420 1078 1483 omni
1101 1441 1142 1483 ex
1165 1427 1263 1497 parte
1279 1419 1408 1484 similis

212 1519 289 1598 Jam
312 1539 394 1583 vero
413 1528 561 1596 constat,
581 1519 751 1583 marinum
767 1520 874 1583 salem
891 1541 1003 1596 neque
1019 1520 1154 1583 acidum
1171 1541 1284 1596 neque
1300 1519 1416 1583 alcali·

213 1639 294 1682 num
317 1640 402 1696 esse,
422 1619 483 1683 sed
506 1641 547 1683 ex
569 1619 724 1696 utrisque
746 1619 988 1697 compositum.
1038 1621 1221 1683 Praeterea
1244 1619 1294 1682 sal
1313 1619 1413 1697 hujus

213 1739 310 1794 aquae
333 1728 433 1782 terrae
457 1720 631 1796 quod'dam
655 1741 772 1795 genuS,
791 1740 852 1782 seu
875 1718 974 1782 alcali
998 1719 1172 1795 quoddam
1195 1719 1408 1796 continebat,

213 1820 305 1894 quod
328 1820 481 1883 nondum
505 1820 548 1882 ab
571 1820 670 1884 acido
687 1827 907 1896 penetratum
923 1821 1174 1896 subactumque
1190 1828 1274 1883 erat.
1323 1821 1412 1882 Nam

211 1915 382 1982 infusione
406 1919 545 1996 spiritus
568 1919 695 1983 vitrioli
720 1941 823 1997 super
845 1921 968 1984 eodem
991 1918 1062 1982 sale
1084 1920 1187 1996 facta,
1206 1919 1293 1982 lenis
1309 1941 1414 1996 quae-

212 2019 290 2082 dam
315 2019 538 2083 fermentatio
561 2021 704 2083 subacta
730 2029 792 2093 est,
812 2021 1005 2096 eodemque
1028 2041 1048 2082 a
1063 2019 1216 2083 terrestri
1232 2019 1412 2083 materiae

213 2119 292 2182 Dno
312 2113 520 2182 L'Emmeri¹
537 2131 683 2196 purgato
706 2119 798 2184 nulla
820 2120 1043 2184 fermentatio
1059 2119 1230 2196 apparuit.
1271 2119 1347 2183 Hic
1362 2118 1413 2183 sal
1449 2143 1452 2146 ·

212 2227 248 2282 ut
271 2218 494 2296 faeculentior,
513 2219 623 2282 acrior
638 2229 756 2284 tamen
773 2229 873 2296 gustu
890 2219 1151 2296 mordaciorque
1167 2228 1251 2294 erat,
1271 2241 1375 2296 quam
1392 2241 1411 2283 a

211 2318 365 2382 terrestri
381 2319 524 2382 materia
542 2329 721 2396 purgatus;
744 2321 788 2383 ob
804 2319 838 2382 id
855 2319 959 2382 etiam
977 2319 1128 2382 marinus
1144 2318 1194 2381 sal
1211 2340 1273 2395 per
1287 2340 1413 2395 coagu-

101 2454 108 2474 .
208 2417 372 2483 lationem
389 2419 424 2482 in
439 2418 537 2482 salsis
554 2419 723 2496 Rupellae
740 2415 932 2497 paludibus²
946 2419 1058 2482 factus
1070 2418 1192 2482 salsior
1203 2418 1405 2496 acutiorque

210 2528 367 2596 apparet,
387 2541 491 2595 quam
514 2519 572 2595 qui
597 2541 659 2597 per
682 2520 965 2596 evaporationem
992 2540 1033 2582 ex
1057 2519 1280 2595 Lugdunensi
1297 2518 1410 2583 Gallia

211 2618 366 2692 habetur,
386 2618 514 2695 quique
531 2619 647 2697 purior
661 2619 907 2696 candidiorque
923 2628 985 2684 est.

245 2721 323 2795 solz.
351 2721 510 2782 Pascalz'i
530 2721 779 2783 observationes
804 2721 856 2782 De
876 2721 1031 2782 Thermis
1053 2720 1253 2782 Borbonz'cz's
1275 2721 1413 2783 Arcz'm-
1497 2733 1500 2739 '

210 2819 314 2882 baldi.
362 2819 569 2896 Superficies
591 2801 758 2897 aquafum
782 2819 960 2897 aliquanto
977 2809 1163 2897 pinguis‘et
1179 2819 1295 2883 oleosa
1312 2828 1411 2883 nota-

210 2927 278 2996 tur;
309 2918 464 2982 ebullitio
487 2919 629 2995 insignis
651 2941 692 2983 ac
714 2920 912 2994 vehemens
931 2918 1114 2996 fumusque
1137 2920 1317 2983 abundans
1339 2919 1411 2982 ani-

211 3018 446 3082 madvertitur.
494 3019 531 3082 Si
547 3019 679 3082 infusae
695 3019 821 3083 fuerint
837 3019 937 3094 vitm,
956 3018 1178 3096 chrystallina
1194 3017 1411 3095 pelluciditas

210 3117 328 3194 fulget,
344 3118 459 3182 colore
475 3120 649 3195 odoreque
666 3140 796 3196 expers
838 3119 875 3182 Si
891 3119 1062 3196 bibantur,
1077 3119 1173 3182 calor
1185 3118 1327 3195 insignis
1340 3141 1409 3182 non

209 3228 327 3281 tamen
350 3219 497 3282 adurens
512 3218 791 3296 deprehenditur.
841 3221 953 3296 Sapor
968 3217 1096 3282 salinus
1112 3219 1224 3282 minus
1240 3241 1260 3282 a
1275 3218 1405 3294 calidis

210 3339 229 3381 a
252 3317 441 3394 frigefactis
453 3327 569 3381 autem
583 3319 700 3394 magis,
717 3319 881 3382 subacido
893 3318 1022 3382 salinus
1036 3317 1173 3394 linguae
1190 3318 1406 3396 imprimitur.

210 3418 246 3481 Si
270 3418 315 3482 ad
341 3417 551 3481 ebullitionis
576 3427 706 3482 statum
732 3440 836 3496 super
857 3418 972 3494 ignem
995 3417 1103 3494 redigi
1126 3420 1286 3492 debeant,
1317 3419 1408 3482 idem

209 3517 393 3595 requiritur
415 3518 583 3595 temporis
606 3519 767 3595 spatium,
788 3519 859 3581 sive
882 3518 1014 3582 calidae
1037 3518 1109 3582 sive
1132 3519 1334 3594 frigefactae
1350 3540 1411 3595 ap·

209 3627 392 3694 ponantur,
412 3619 505 3694 quod
528 3640 618 3694 aqua
639 3619 831 3682 communis
853 3618 917 3682 sibi
936 3618 1102 3695 exposcit.
1150 3619 1336 3695 Nunquam
1353 3639 1410 3680 ex-

209 3717 381 3782 siccantur
407 3716 441 3781 hi
470 3717 565 3795 putei
591 3718 663 3781 sive
686 3718 913 3782 calidissimus
936 3719 1044 3782 Sirius
1066 3719 1196 3795 ardeat,
1222 3719 1293 3781 sive
1317 3739 1411 3781 max·

209 3817 277 3880 ima
321 3838 432 3893 aquae
470 3818 648 3893 quantitas
685 3818 914 3882 exhauriatur.
977 3819 1047 3896 Sal,
1089 3818 1182 3897 quod
1219 3828 1408 3896 evaporata

208 3916 414 3981 humiditate
449 3917 662 3994 relinquitur,
697 3927 834 3995 praeter
863 3917 1038 3981 tantillum
1067 3928 1190 3994 terrae,
1223 3918 1404 3994 uniforme,

205 4016 331 4082 subtile
347 4038 388 4080 ac
402 4015 583 4080 tenacitati
598 4027 632 4081 et
648 4017 814 4081 soliditati
837 4017 918 4081 salis
940 4019 1117 4096 cujusdam
1134 4017 1308 4081 mineralis
1323 4039 1407 4081 con-

207 4117 349 4181 trarium
373 4117 588 4194 pronuntiat;
619 4126 789 4194 quatenus
819 4118 853 4181 in
884 4140 975 4195 aqua
1002 4126 1162 4196 prompte
1189 4116 1353 4189 solvatur,
1371 4119 1406 4180 in

208 4237 286 4280 aere
317 4216 351 4279 in
377 4216 566 4292 deliquium
593 4218 705 4292 abeat,
726 4225 760 4279 et
786 4218 819 4280 in
844 4238 925 4281 vase
948 4227 1061 4281 terreo
1084 4218 1200 4281 clauso
1215 4217 1405 4292 repositum

207 4317 264 4381 diu
279 4316 516 4393 incorruptum
537 4317 629 4380 haud
644 4327 851 4395 perseveret.
901 4310 1066 4394 salpha?
1081 4316 1173 4394 quod
1189 4316 1288 4389 inest,
1306 4326 1406 4393 putat

208 4437 277 4480 non
301 4436 461 4493 asperum
489 4437 553 4480 nec
576 4416 744 4495 rapidum,
763 4419 824 4481 sed
851 4418 933 4481 mite
957 4427 991 4480 et
1014 4415 1247 4488 balsamicum,
1267 4436 1411 4493 corpus-
