3442 5302
369 722 412 802 96
757 721 814 784 aa
834 721 942 784 sare
964 720 1181 785 connum

282 904 287 914 '
369 907 521 985 produnt,
539 906 622 983 ignis
639 905 860 966 removendus
876 909 939 967 est.
985 903 1017 966 Si
1033 905 1139 966 adhuc
1165 906 1349 984 expellatur
1373 907 1517 986 spiritus,

262 1057 264 1062 .
372 1011 520 1068 remanet
535 1012 613 1068 tunc
630 1005 662 1066 in
678 1004 779 1066 fundo
795 1006 973 1066 cucurbita
988 1005 1064 1084 quid
1079 1005 1215 1080 flavum,
1238 1007 1469 1085 ponderosum,
1487 1011 1519 1067 et

370 1107 523 1168 aciditate
541 1106 741 1168 mordicante
758 1111 791 1167 et
815 1106 960 1166 violenta
976 1106 1161 1184 praeditum,
1178 1123 1243 1184 qua
1268 1108 1350 1168 solvi
1380 1111 1520 1186 possunt

371 1209 503 1269 metalla
520 1211 553 1268 et
569 1207 732 1286 praecipue
755 1207 894 1285 lapidea,
920 1211 955 1268 et
970 1212 1107 1268 vocatur
1130 1208 1189 1268 hoc
1216 1207 1389 1286 improprie
1411 1209 1517 1268 oleum

370 1309 461 1370 salis,

415 1409 458 1469 Le
475 1409 559 1470 lllort
573 1408 667 1486 jubet
682 1411 718 1468 ut
741 1410 913 1468 sumantur
927 1423 945 1468 2
959 1407 1049 1468 librae
1064 1407 1153 1484 salis,
1181 1423 1196 1485 3
1223 1407 1356 1486 argillae,
1388 1426 1399 1469 r
1429 1409 1519 1470 libra¹

370 1511 536 1571 colchotar
553 1509 604 1568 vel
622 1507 737 1587 capitis
753 1509 870 1568 mortui
887 1525 928 1568 ex
945 1508 1102 1582 victriolO,
1120 1513 1154 1570 et
1170 1509 1370 1570 misceantur
1386 1510 1471 1570 bene
1489 1513 1521 1570 et

370 1611 401 1670 in
420 1614 575 1670 retortam
592 1609 797 1686 argillaceam
815 1609 982 1684 indantur;
1009 1609 1128 1669 exinde
1155 1609 1231 1670 dicit
1253 1610 1405 1688 phlegma
1421 1609 1519 1687 quod·

371 1711 443 1771 dam
462 1710 563 1785 exire,
581 1709 655 1769 dein
678 1709 824 1787 spiritum
854 1709 1022 1769 volatilem
1048 1709 1122 1770 dein
1139 1709 1280 1785 acidum,
1306 1711 1359 1786 qui
1376 1711 1442 1771 bini
1458 1711 1520 1789 spi-

371 1813 451 1872 ritus
467 1827 524 1889 per
551 1808 819 1870 rectificationem
837 1814 974 1886 possunt
990 1810 1147 1888 separari.
1194 1809 1281 1872 Dicit
1296 1811 1444 1890 spiritum
1461 1809 1522 1871 for·

370 1913 483 1972 tiorem
502 1909 569 1971 freri
596 1911 622 1970 si
648 1911 716 1971 loco
741 1910 862 1988 argillae
889 1909 1087 1971 adhibentur
1112 1911 1205 1972 modo
1229 1912 1407 1988 colchotar;
1430 1911 1520 1989 sique

372 2014 419 2073 sal
437 2012 598 2090 impurum
616 2010 823 2085 adhibeatur,
852 2027 915 2071 non
933 2027 1011 2072 vero
1027 2009 1247 2089 purificatum;
1271 2010 1435 2072 fortiorem
1452 2009 1520 2072 fieri

372 2112 517 2191 spiritum
535 2129 553 2171 a
570 2111 638 2171 sale
655 2110 870 2188 decrepitat0;
887 2127 927 2170 ex
954 2128 1018 2172 una
1035 2111 1115 2171 libra
1126 2113 1203 2172 salis
1214 2112 1353 2173 obtineri
1369 2113 1519 2191 perhanc

373 2212 561 2274 methodum
579 2227 598 2288 4
615 2211 729 2273 uncias
745 2211 889 2290 spiritus

415 2313 474 2374 lilii
488 2312 634 2386 tradunt,
653 2311 844 2372 sumendam
859 2328 934 2372 esse
950 2311 969 2384 l
986 2312 1098 2373 libram
1116 2313 1205 2388 salis,
1224 2314 1285 2374 olei
1302 2315 1438 2376 victrioli
1455 2332 1522 2383 rec-

348 2425 354 2438 ·
371 2413 483 2475 tifrcati
499 2430 518 2488 4
535 2413 660 2488 uncias,
678 2429 773 2489 aquae
789 2412 984 2472 communis¹
1005 2419 1164 2489 quantum
1190 2413 1394 2475 desideretur
1416 2417 1456 2477 ad
1473 2436 1521 2479 so·

371 2515 526 2575 tutionem
555 2513 643 2573 salis
691 2513 889 2573 illisceantur
922 2513 1002 2572 haec
1036 2517 1069 2572 et
1100 2513 1307 2575 destillentur
1337 2517 1368 2576 in
1402 2523 1522 2578 retorta

372 2620 475 2676 vitreo
492 2631 564 2673 cum
582 2615 754 2674 alemhico.
801 2614 892 2689 Aqua
909 2613 1046 2691 primum
1063 2614 1216 2692 prodiens
1231 2615 1406 2693 adimatur,
1435 2635 1523 2678 cum-

370 2733 434 2792 que
461 2715 594 2793 spiritus
621 2714 702 2773 acidi
730 2713 939 2791 proveniunt,
982 2718 1165 2792 apponatur
1193 2715 1364 2794 recipiens
1392 2723 1521 2778 etcum

371 2816 592 2876 destillatione
608 2814 648 2875 ad
666 2815 787 2874 siccum
804 2815 1025 2876 continuetur.

414 2914 588 2979 Glauberus
604 2932 682 2975 vero
698 2915 793 2974 binos
810 2914 922 2975 modos
939 2914 1086 2993 spirltum
1105 2913 1184 2975 salis
1210 2915 1403 2978 conficiendi
1429 2919 1523 2980 tradi·

373 3018 427 3078 dit.
457 3017 551 3078 Alter
565 3015 744 3076 instituitur
760 3017 830 3075 sale
847 3031 931 3092 aqua
948 3015 1225 3094 dissoluto‚supra
1242 3034 1363 3095 prunas
1378 3019 1410 3079 in
1427 3037 1523 3098 pecu·

373 3118 440 3178 llari
468 3116 575 3192 furno,
604 3116 653 3175 cui
684 3133 743 3176 vas
771 3115 931 3193 recipiens
958 3120 1120 3194 aptatum,
1149 3133 1205 3195 per
1231 3117 1321 3178 vices
1336 3117 1423 3194 fuso,
1456 3125 1523 3181 tum

373 3235 475 3296 vapor
492 3217 643 3296 prodiens
661 3217 691 3275 in
710 3216 859 3294 spiritum
874 3235 892 3275 a
908 3215 1026 3294 frigore
1044 3217 1279 3294 condensatur;
1296 3225 1395 3296 atque
1412 3221 1524 3299 hujus·

374 3318 458 3378 modi
484 3319 616 3396 spiritus
642 3336 660 3376 a
687 3316 821 3395 iuligine
848 3319 1025 3377 carbonum
1057 3318 1143 3377 haud
1171 3334 1285 3396 parum
1324 3320 1523 3397 inquinatur.

372 3420 466 3482 Alter
481 3436 559 3478 vero
575 3418 619 3478 ita
636 3417 829 3478 instituitur:
848 3417 1034 3495 Recipiatur
1052 3417 1131 3478 libra
1152 3435 1163 3478 r
1186 3419 1265 3479 salis
1280 3423 1474 3493 communis,
1493 3427 1525 3482 et

373 3520 478 3581 unciae
495 3519 513 3580 8
529 3518 590 3580 olei
607 3519 755 3591 victrioli,
781 3534 876 3595 aquae
898 3516 1045 3579 rontanae
1071 3523 1231 3596 quantum
1250 3521 1343 3597 satis;
1368 3521 1425 3582 frat
1451 3522 1523 3583 dein

372 3638 428 3698 per
446 3623 600 3680 retortam
619 3619 757 3679 vitream
776 3635 817 3678 ex
844 3618 1142 3681 arena-destillatio
1164 3621 1204 3680 ad
1226 3621 1407 3682 siccitatem
1435 3623 1524 3684 salis,

373 3719 405 3783 Si
422 3720 553 3799 spiritus
580 3719 685 3780 adhuc
714 3718 809 3780 nimis
825 3719 940 3779 debilis
957 3724 1059 3796 esset,
1091 3724 1221 3798 oportet
1247 3738 1320 3781 eum
1349 3724 1527 3784 cucurbitae

373 3821 561 3895 immittere,
579 3837 616 3879 ac
640 3820 847 3898 superposito
874 3820 1025 3898 capitello
1041 3820 1220 3896 destillare;
1242 3838 1410 3899 quumque
1425 3828 1527 3902 guttae

374 3921 476 3982 acidae
492 3921 648 3999 incipiant
664 3920 802 3998 prodire,
829 3925 1038 3980 removeatur
1068 3924 1146 3979 tunc
1172 3921 1255 3982 illico
1285 3924 1466 3994 cucurbita,
1492 3928 1527 3983 ut

373 4020 594 4098 refrigeretur,
612 4019 734 4097 sicque'
747 4020 885 4081 habebis
900 4018 1047 4081 infundo
1063 4021 1241 4081 cucurbitae
1252 4022 1398 4100 spiritum
1412 4023 1527 4084 acerri-

374 4140 474 4183 mum.
503 4120 611 4184 Aliter
624 4121 655 4180 in
673 4119 797 4182 Glaub:
815 4121 985 4183 Concantr:
1009 4138 1041 4200 p.
1059 4120 1153 4202 491*:
1167 4121 1367 4183 illisceantur
1384 4139 1401 4184 2
1418 4129 1528 4203 partes

372 4223 508 4283 victrioli
526 4223 577 4282 vel
595 4221 747 4282 aluminis
762 4239 834 4282 cum
866 4239 876 4282 r
897 4227 990 4301 parte
1006 4224 1084 4284 salis
1110 4224 1292 4283 communis
1315 4225 1400 4285 bene
1417 4226 1528 4303 pulve-

416 4439 432 4469 *
444 4439 514 4492 ldem
529 4440 668 4492 invenitur
688 4440 715 4492 ln
728 4439 851 4507 ejusdem
870 4440 988 4494 auctoris
1005 4442 1173 4512 Tausclrlandq
1193 4443 1329 4510 Wolrlsart
1349 4440 1529 4510 (Prosperitas

376 4521 559 4587 Germaniae),
572 4538 637 4591 pars
652 4523 686 4587 V,
701 4524 856 4591 App—Ed.
