3524 5314
840 1187 864 1248 l.

278 1386 334 1446 DE
364 1385 650 1448 PROBATiONE
682 1385 847 1449 SALINAE
879 1377 1027 1464 AQUAE,
1057 1385 1420 1464 Qunnruntsnirs

715 1536 983 1601 CONTiNEAT.

322 1757 344 1800 r.
396 1739 546 1800 Probatio
570 1740 816 1818 generalissima
830 1739 866 1801 frt
889 1757 945 1819 per
968 1756 1130 1820 saporem,
1155 1741 1311 1819 sapiendo
1334 1739 1476 1800 emmau
1490 1747 1597 1788 ⁸⁸⁹⁰me

275 1841 464 1918 dignoscere
481 1841 567 1917 licet,
587 1858 663 1901 num
681 1841 820 1900 multum
837 1842 889 1901 vel
904 1857 1018 1919 parum
1036 1841 1113 1902 salis
1124 1841 1308 1901 communis
1323 1841 1422 1902 conti·

278 1947 354 2002 neat
368 1962 374 2019 ;
392 1943 449 2004 sed
463 1941 584 2003 tallitur
602 1941 651 2003 hic
663 1959 782 2002 sensus
793 1944 824 2002 in
842 1943 1113 2003 determinatione
1126 1942 1319 2019 quantitatis
1337 1947 1421 2003 utet

275 2033 460 2119 qualitatis3
478 2043 551 2103 hinc
570 2060 632 2103 non
651 2041 768 2103 sufficit
784 2059 902 2119 aquam
927 2043 1064 2104 salinam
1089 2060 1145 2122 per
1168 2043 1271 2103 solum
1288 2047 1419 2122 gustum

276 2143 445 2221 expiscari,
464 2144 521 2203 sed
540 2143 760 2204 necessarium
778 2148 841 2218 est,
868 2148 903 2204 ut
926 2143 1152 2222 experimenta
1175 2145 1363 2204 mechanica
1387 2149 1421 2204 et

275 2244 412 2323 physica
430 2245 639 2327 suppeditent
655 2249 688 2305 et
713 2244 934 2305 determinent
955 2248 1071 2304 exacte
1093 2245 1310 2321 quantitatem
1329 2250 1364 2306 ut
1387 2251 1421 2306 et

276 2344 378 2422 ipsam
394 2345 600 2421 qualitatem.
1230 2335 1234 2342 ’

318 2460 348 2507 2.
394 2444 427 2506 Si
453 2445 526 2522 quis
553 2446 630 2505 salis
658 2445 802 2505 lixivium
827 2435 1039 2506 fortissimum
1073 2446 1151 2505 velit
1174 2446 1357 2521 instituere,
1387 2441 1541 2540 utffiffl

276 2545 312 2605 frt
325 2547 407 2606 circa
421 2565 538 2625 operas
560 2545 797 2625 purificatorias
810 2547 898 2622 salis,
916 2546 1054 2629 solvitur
1067 2547 1152 2607 enim
1170 2548 1217 2608 sai
1235 2564 1295 2626 ope
1313 2565 1419 2625 aquae,

277 2651 310 2707 et
325 2664 397 2707 cum
415 2647 494 2707 satis
511 2648 653 2707 solutum
672 2651 733 2718 est,
750 2652 946 2726 evaporatur
963 2647 1038 2708 inde
1054 2664 1138 2724 aqua
1155 2652 1189 2708 et
1212 2649 1421 2726 expelluntur

275 2752 308 2807 et
337 2748 574 2826 despumantur
597 2747 762 2808 immunda
786 2751 819 2807 et
842 2749 1074 2826 heterogenea,
1098 2752 1176 2808 tunc
1207 2765 1289 2826 opus
1312 2754 1363 2809 est
1386 2753 1421 2809 ut

276 2851 428 2927 probetur
454 2846 598 2909 lirdvium
624 2866 700 2909 num
724 2849 804 2909 satis
826 2847 909 2908 forte
926 2849 967 2909 sit
990 2850 1042 2910 vei
1068 2867 1144 2925 non,
1169 2850 1228 2910 hoc
1254 2854 1317 2925 est,
1344 2866 1420 2910 num

277 2966 360 3026 aqua
390 2947 605 3009 sufficientem
638 2949 714 3009 salis
729 2948 853 3027 copiam
885 2949 1031 3010 solverit.
1079 2950 1221 3028 Experiri
1238 2951 1297 3011 hoc
1314 2950 1422 3011 solent

277 3050 374 3110 variis
390 3050 504 3125 modiS,
523 3049 580 3110 sed
597 3049 760 3128 praecipue
783 3065 839 3127 per
861 3048 1049 3125 Succinum3
1073 3050 1242 3110 succinum
1266 3051 1352 3110 enim
1370 3056 1422 3112 est

276 3151 423 3229 ejusdem
440 3149 509 3210 iere
525 3150 676 3228 ponderis
697 3166 770 3209 cum
788 3166 894 3226 aquae,
912 3150 993 3209 adeo
1008 3154 1042 3210 ut
1058 3150 1265 3226 aequilibrent
1288 3167 1372 3227 aqua
1389 3157 1422 3212 ei

276 3251 456 3324 succinum,
474 3250 547 3311 hinc
564 3251 594 3310 in
608 3267 692 3326 aqua
708 3250 870 3310 communi
889 3266 948 3310 nec
964 3249 1035 3310 fluit
1052 3267 1110 3310 nec
1128 3250 1338 3329 immergitur,
1364 3252 1421 3312 sed

278 3355 382 3425 natat,
400 3351 443 3411 ita
461 3356 497 3410 ut
514 3351 600 3410 n‘ulla
616 3350 685 3410 fere
702 3366 776 3428 pars
787 3354 898 3410 exstet
913 3350 1016 3427 aquis,
1034 3367 1092 3410 nec
1109 3356 1221 3410 tamen
1238 3352 1282 3411 ita
1299 3356 1334 3412 ut
1349 3351 1422 3412 fun·

277 3453 352 3512 dum
371 3456 462 3529 petat
473 3472 480 3526 ;
498 3452 571 3511 hinc
589 3467 662 3511 cum
680 3446 922 3510 lixivium'satis
940 3449 1024 3511 forte
1037 3456 1100 3526 est,
1116 3453 1307 3530 emergitur¹
1326 3453 1421 3531 plane

276 3553 458 3629 succinum,
475 3557 509 3612 et
524 3552 563 3612 ad
580 3551 720 3627 aliquam
739 3550 787 3610 sui
800 3554 924 3629 partem
948 3549 1058 3611 exstat
1079 3551 1183 3627 aquis,
1200 3558 1235 3612 et
1256 3553 1301 3612 sic
1323 3555 1422 3614 habe·

277 3658 328 3713 tur
356 3653 496 3731 signum,
523 3646 596 3712 cum
625 3651 770 3711 lixivium
797 3651 877 3711 satis
898 3649 981 3711 torte
1006 3651 1059 3727 sit,
1085 3653 1136 3711 vel
1161 3669 1233 3712 cum
1258 3653 1422 3716 sufficiens

278 3754 368 3832 copia
386 3753 462 3813 salis
478 3753 509 3811 in
527 3768 644 3828 aquam
663 3751 758 3812 soluti
783 3752 956 3812 habeatur.
1003 3750 1087 3811 idem
1105 3753 1268 3830 peragitur
1291 3756 1332 3815 ab
1352 3756 1423 3816 aliis

278 3872 338 3933 ope
358 3852 445 3934 globi
466 3853 629 3934 cujusdam
652 3851 745 3914 vitrei
771 3852 825 3928 qui
854 3852 1055 3928 aliquantum
1086 3859 1268 3915 excavatus
1291 3855 1343 3931 sit,
1369 3857 1422 3916 vei

278 3956 365 4014 intus
397 3955 437 4013 ab
461 3954 585 4013 aethere
614 3953 666 4012 vel
697 3969 761 4012 aere
785 3951 827 4012 sit
851 3954 1017 4030 repletus;
1048 3954 1163 4030 globus
1178 3941 1238 4014 'ille
1261 3956 1301 4015 ad
1325 3949 1422 4033 aequi·

278 4056 403 4116 librium
422 4071 516 4130 aquae
528 4058 670 4131 paratur,
683 4053 765 4113 adeo
782 4057 817 4112 ut
834 4069 893 4112 nec
910 4054 1100 4130 submergat
1117 4071 1175 4114 nec
1192 4073 1289 4134 supra
1303 4055 1420 4120 fluitet.

279 4155 488 4216 Observatur
504 4154 536 4213 in
553 4154 606 4214 iilo
618 4154 712 4231 globo
727 4174 735 4229 ;
748 4169 820 4212 cum
837 4157 929 4212 natat
941 4154 972 4212 in
987 4153 1120 4230 liquore,
1135 4159 1169 4214 et
1180 4155 1220 4214 ad
1234 4155 1421 4218 distantiam

279 4255 425 4316 extollit²
450 4271 486 4314 se
510 4256 550 4315 ab
581 4253 684 4330 aquiS,
716 4257 793 4313 tunc
825 4253 952 4330 signum
977 4253 1072 4314 datur
1099 4253 1314 4316 sufficientem
1346 4259 1422 4319 salis

278 4357 401 4434 copiam
418 4356 527 4416 inesse
539 4356 643 4431 aquis.
689 4353 826 4413 Facilius
838 4370 916 4413 vero
929 4355 969 4413 ab
987 4353 1056 4413 aliis
1072 4355 1421 4436 paratur'illeg10bus3

278 4462 344 4517 tarn
361 4457 564 4535 ponderosus
580 4460 631 4515 est
647 4459 682 4515 ut
697 4454 833 4514 fundum
851 4458 943 4532 petat
958 4454 988 4513 in
1005 4471 1090 4530 aqua
1105 4455 1201 4531 dulci,
1220 4458 1320 4518 sedin
1337 4476 1421 4536 aqua

279 4559 382 4618 salina
407 4562 441 4617 ut
464 4555 693 4635 ponderosiore
723 4556 881 4615 subnatat
909 4558 943 4614 et
970 4554 1131 4617 elevatur.
1178 4557 1203 4617 Α
1233 4560 1365 4620 succino
1388 4566 1422 4624 et
