3442 5302
272 747 332 818 136
635 747 702 810 DE
725 746 850 810 SALE
875 745 1115 812 COMMUNI

313 930 451 994 Pondus
467 931 638 1007 aquaead
654 931 789 1007 pondus
805 929 886 994 salis
902 951 1047 1006 gemmae
1064 939 1100 994 ut
1118 934 1213 1006 1,000
1229 933 1272 995 ad
1288 933 1395 1007 2,·143.
1468 971 1469 977 1

312 1031 450 1094 Pondus
466 1051 564 1107 aquae
581 1031 624 1094 ad
640 1030 775 1107 pondus
790 1031 931 1108 spiritus
947 1030 1027 1094 salis
1043 1040 1081 1095 ut
1098 1035 1193 1106 1‚000
1208 1033 1252 1095 ad
1269 1026 1398 1106 1‚130.*

311 1131 371 1194 Sal
398 1131 498 1194 nimis
524 1139 662 1194 coctum
688 1131 760 1194 sive
782 1131 884 1194 nimis
907 1131 1126 1196 debilitatum
1150 1133 1319 1194 minorem
1336 1132 1474 1209 quanti·

268 1239 378 1294 tatem
401 1230 489 1294 acidi
514 1230 677 1308 possidet,
697 1229 777 1295 hinc
800 1252 869 1294 non
885 1231 988 1295 modo
1011 1239 1063 1294 est
1087 1231 1267 1309 insipidius
1283 1240 1317 1295 et
1333 1233 1377 1308 ad
1393 1251 1473 1295 usus

269 1331 501 1394 oeconomicos
515 1331 677 1407 ineptius,
696 1331 877 1395 sedetiam
895 1331 928 1394 in
946 1333 1099 1408 pondere
1116 1329 1191 1395 aliis
1206 1331 1334 1395 salibus
1350 1331 1473 1407 levius;

270 1431 360 1493 unde
377 1452 481 1493 unum
498 1430 548 1494 sal
564 1431 734 1506 gravitate
751 1431 896 1494 multum
913 1432 957 1495 ab
973 1431 1041 1494 alio
1057 1431 1129 1495 sale
1144 1432 1269 1495 diflert.

312 1530 544 1594 Observatum
574 1531 659 1594 alias
688 1542 750 1604 est,
779 1532 873 1608 quod
901 1532 935 1594 in
963 1554 1030 1595 una
1057 1531 1143 1597 libra
1167 1554 1267 1609 aquae
1294 1531 1349 1595 vel
1376 1531 1410 1595 in
1433 1533 1472 1596 32

269 1629 353 1694 loth.
373 1652 482 1708 aquae,
502 1652 571 1694 non
595 1631 685 1695 ultra
711 1634 748 1695 11
773 1631 934 1696 lothones
953 1629 1204 1704 (Hoffmannus
1226 1631 1274 1696 ait
1296 1628 1469 1705 buncias)

268 1731 349 1794 salis
374 1730 507 1808 possint
529 1732 708 1804 contineri,
732 1733 814 1807 sive,
835 1731 984 1809 qualiter
1006 1732 1063 1796 ille
1085 1729 1120 1804 [i.
1140 1755 1183 1807 e.,
1205 1730 1468 1808 HoffmannusL

268 1831 362 1907 dicit,
382 1833 475 1908 quod
502 1834 518 1894 1
546 1831 632 1896 libra
656 1854 755 1909 aquae
781 1854 873 1909 purae
899 1854 967 1895 non
989 1832 1078 1897 ultra
1094 1835 1113 1896 6
1130 1833 1249 1897 uncias
1264 1832 1345 1896 salis
1362 1833 1471 1910 possit
1501 1861 1506 1872 ·

267 1930 411 2006 solvere,
432 1933 525 2009 quod
548 1932 623 1995 aliis
646 1931 784 2008 salibus,
808 1931 884 1996 solo
905 1933 1122 1996 Ebsoniense
1146 1941 1304 2010 excepto,
1324 1953 1394 1996 non
1420 1940 1473 1995 est

268 2052 480 2095 concessum.
529 2032 565 2096 Si
589 2031 665 2111 plus
689 2032 869 2110 injiciatur,
890 2053 959 2097 non
981 2031 1136 2107 solvitur,
1155 2034 1217 2097 sed
1239 2033 1409 2098 intactum
1436 2041 1488 2096 et·

269 2130 511 2196 indissolutum
528 2133 687 2196 infundo
702 2135 802 2210 jacet.

853 2401 893 2464 L.

342 2569 430 2632 SAL
451 2568 778 2634 AMMONIACUM
804 2571 870 2632 EX
894 2569 1013 2632 SALE
1037 2568 1276 2643 COMMUNI,
1303 2567 1407 2633 ETC.

314 2736 414 2800 Circa
436 2736 532 2814 Jovis
553 2737 732 2800 Ammonis
754 2737 925 2814 templum
941 2736 1023 2800 olim
1039 2735 1218 2799 inventurn
1234 2757 1274 2800 ac
1289 2735 1475 2800 collectum

270 2845 322 2902 est
353 2837 403 2900 sal
427 2837 671 2909 armeniacum.
699 2859 740 2901 ex
766 2838 863 2901 urina
893 2835 1105 2901 camelorum
1132 2836 1167 2899 in
1197 2837 1311 2900 arenis
1341 2836 1474 2913 Lybiae

272 2947 484 3012 concretum,
512 2959 615 3014 quam
642 2937 715 3001 sale
741 2937 915 3003 communi
941 2945 1075 3001 scatere
1101 2936 1278 3013 cognitum
1302 2947 1364 3011 est,
1394 2936 1475 3001 hinc

271 3037 496 3102 artificialiter
519 3037 603 3101 illud
627 3037 677 3101 sal
700 3045 837 3116 paraut;
869 3037 1035 3102 adhibent
1058 3037 1148 3100 enim
1172 3037 1306 3101 urinam
1323 3037 1474 3114 inspissi·

270 3147 353 3214 tam,
374 3159 477 3215 quarn
501 3137 572 3202 sale
595 3137 769 3202 communi
793 3146 827 3202 et
843 3137 976 3214 iuligini
993 3138 1213 3211 miscuerunt,
1232 3147 1349 3214 atque,
1370 3137 1475 3201 medi-

270 3248 353 3302 ante
375 3237 630 3313 sublimatione,
649 3239 936 3303 combinaverunt
959 3237 1046 3301 haec
1061 3237 1223 3313 invicem;
1247 3237 1295 3301 sic
1312 3237 1476 3301 sublima-

270 3347 344 3402 tum
375 3337 483 3402 salem
509 3337 667 3401 obtinent
694 3337 775 3402 salis
801 3337 989 3401 armoniaci
1016 3337 1156 3400 nomine
1179 3345 1310 3400 notum.
1357 3339 1478 3400 Aliter

271 3437 377 3502 etiam
393 3438 583 3514 conficitur,
604 3437 774 3514 nimirum,
794 3437 822 3502 si
838 3438 978 3514 spiritus
1000 3437 1118 3502 urinae
1134 3446 1169 3503 et
1185 3436 1266 3500 salis
1282 3437 1475 3501 communis

271 3559 349 3603 curn
365 3538 436 3602 sale
453 3539 529 3614 ipso
545 3537 755 3602 misceantur
770 3546 805 3602 et
821 3536 1051 3608 sublimentur
1064 3537 1100 3600 in
1116 3537 1246 3628 dietum
1263 3535 1324 3600 sal.

315 3639 596 3716 Extemporance
619 3638 692 3702 fieri
716 3646 830 3715 potest
853 3659 894 3700 ex
909 3637 1086 3715 spiritibus
1104 3636 1195 3713 salis,
1215 3637 1334 3700 urinae
1350 3646 1385 3701 et
1399 3636 1475 3700 iuli-

270 3738 369 3815 ginis
400 3759 477 3815 quae
502 3739 678 3803 miscendo
702 3747 807 3815 atque
832 3736 1089 3801 etiemescendo
1115 3737 1367 3813 combinantur,
1393 3737 1474 3800 dein

271 3838 472 3915 phlegmata
497 3847 730 3916 evaporantur
755 3839 799 3902 ad
825 3837 1031 3914 siccitatem;
1063 3837 1236 3901 residuum
1261 3835 1312 3900 sal
1335 3845 1387 3900 est
1403 3841 1476 3901 amss

271 3939 467 4002 maniacum
485 3939 578 4015 quod
593 3938 769 4002 sublimari
786 3959 850 4015 pro
866 3929 976 4001 lubitu
993 3945 1119 4014 potest.

314 4039 422 4104 Urina
445 4038 597 4102 humana
612 4059 733 4102 recens
749 4037 895 4102 multum
912 4036 993 4101 salis
1008 4037 1201 4102 communis
1217 4038 1359 4114 praebet,
1379 4037 1473 4114 quod

269 4159 332 4216 per
360 4139 666 4202 fermentationem
695 4147 731 4201 et
762 4137 1032 4216 putrescentiam
1063 4138 1249 4214 quandam,
1284 4135 1393 4200 multa
1423 4137 1475 4200 sui

270 4247 380 4316 parte,
400 4237 641 4310 volatilisatur,
662 4247 696 4304 et
719 4237 860 4302 volatile
883 4245 965 4301 ante
987 4238 1099 4315 ipsam
1123 4259 1249 4314 aquam
1272 4237 1306 4300 in
1323 4235 1477 4300 destilla-

269 4339 366 4403 tione
382 4338 550 4402 ascendit.

301 4466 360 4534 ἾΕ
372 4464 513 4531 margine]
531 4466 648 4517 Pondus
665 4464 783 4530 spiritus
799 4464 867 4516 salis
884 4470 983 4516 aestate
996 4463 1054 4516 luit
1075 4475 1089 4526 5
1106 4479 1194 4530 gross,
1208 4476 1242 4529 49
1256 4479 1353 4529 grana,
1367 4465 1474 4527 hyeme

265 4562 280 4613 5
294 4566 381 4616 gross,
396 4562 427 4613 55
441 4566 536 4616 grana.
575 4549 699 4601 Parisius
712 4554 755 4600 est
770 4549 942 4600 observator.
