3442 5302
296 713 358 784 148
658 713 725 775 DE
748 712 874 775 SALE
898 712 1136 777 COMMUNI

295 895 506 972 posteriores
542 896 652 972 magis
687 895 817 960 directe
845 895 958 972 soluit,
999 917 1198 972 quanquam
1236 917 1295 959 eos
1325 895 1430 959 etiam
1461 896 1495 960 in

289 1017 418 1072 genere
434 1017 504 1059 non
519 996 554 1060 in
570 1004 683 1060 totum
699 995 824 1071 solvat;
841 995 976 1072 legatur
990 997 1033 1060 de
1050 995 1221 1073 prioribus
1238 995 1442 1061 Glauberus

337 1098 466 1159 Aurum
482 1117 543 1173 per
559 1117 595 1159 se
618 1116 688 1159 non
711 1095 824 1171 solvit,
843 1097 904 1160 sed
926 1095 1086 1161 albedine
1110 1097 1258 1173 quadam
1282 1095 1395 1172 tingit,
1415 1117 1496 1161 con-

290 1204 454 1260 currente
484 1195 606 1273 spiritu
632 1195 711 1259 vini.
769 1197 838 1261 Sed
867 1196 1008 1274 spiritus
1037 1195 1117 1260 salis
1144 1195 1217 1260 auri
1247 1196 1329 1260 folia
1359 1196 1493 1260 solvere

290 1303 421 1372 potest.
469 1296 563 1359 Alias
589 1318 679 1373 aqua
702 1297 792 1373 regis
811 1305 1037 1375 praeparatur
1061 1318 1103 1359 ex
1127 1297 1226 1360 acido
1253 1296 1333 1361 nitri
1360 1306 1396 1360 et
1422 1297 1494 1360 sale

288 1395 468 1459 communi
504 1395 559 1460 vel
589 1397 660 1460 sale
697 1397 926 1470 ammoniaco
959 1397 1002 1460 de
1031 1418 1099 1473 qua
1129 1419 1165 1460 re
1194 1397 1272 1461 vide
1298 1399 1429 1460 nitrum
1459 1407 1494 1461 et

287 1497 438 1560 acidum.
486 1497 579 1560 Alias
596 1519 662 1561 una
679 1506 776 1574 gutta
792 1496 933 1574 spiritus
949 1496 1029 1561 nitri
1051 1496 1177 1561 dicitur
1192 1500 1252 1561 500
1275 1497 1382 1573 guttis
1397 1497 1495 1575 spiri-

288 1605 348 1660 tus
363 1595 444 1660 salis
460 1597 494 1660 in
511 1607 637 1673 aquam
654 1597 784 1673 regiam
802 1605 946 1660 mutare.

335 1696 484 1775 Spiritus
499 1697 580 1760 salis
595 1707 777 1774 argentum
793 1697 972 1773 nigredine
995 1699 1145 1774 quadam
1162 1696 1280 1761 inficit.

334 1796 518 1861 Plumbum
536 1798 792 1880 quodammodo
807 1797 956 1862 calcinat
969 1819 1038 1861 non
1052 1797 1196 1862 imbibit.

334 1897 524 1961 Mercurius
539 1899 663 1961 crudus
684 1919 754 1962 non
778 1897 924 1962 solvitur
947 1919 1010 1975 per
1033 1897 1190 1975 spiritum
1215 1897 1305 1973 salis,
1325 1899 1386 1962 sed
1403 1919 1490 1961 mer-

285 1997 405 2062 curius
428 2019 491 2075 per
512 2019 549 2061 se
572 1997 821 2075 praecipitatus
843 2018 921 2061 cum
943 1997 1051 2062 multa
1077 1997 1246 2062 facilitate
1273 2007 1308 2062 et
1334 1997 1494 2062 celeriter

284 2097 445 2162 solvitur.
494 2099 541 2162 Et
564 2097 768 2162 mercurium
791 2097 942 2161 solutum
958 2098 993 2161 in
1016 2119 1106 2175 aqua
1130 2097 1210 2162 forti
1235 2097 1441 2176 praecipitat
1457 2098 1491 2161 in

285 2196 423 2262 calcem
447 2197 572 2261 albam.

334 2297 483 2374 Spiritus
505 2297 585 2360 salis
607 2319 678 2361 non
701 2297 849 2374 amplius
871 2297 974 2360 solvit
998 2297 1198 2374 Magisteria
1220 2297 1287 2362 hoc
1301 2298 1377 2375 ipso
1393 2297 1492 2362 acido

291 2406 486 2476 praeparata
510 2406 615 2474 atque
640 2420 700 2475 per
722 2398 821 2461 alcali
847 2398 1085 2477 praecipitata,
1107 2399 1259 2475 exceptis
1282 2408 1401 2462 tamen
1418 2398 1492 2474 qui-

290 2499 447 2562 busdam.

333 2600 386 2661 Ex
402 2597 574 2663 solutione
597 2598 713 2675 dejicit
737 2597 940 2662 omniafere
963 2597 1075 2662 soluta
1100 2620 1161 2672 per
1183 2598 1341 2675 spiritum
1358 2598 1438 2662 nitri
1455 2607 1489 2662 et

284 2721 417 2775 aquam
434 2699 570 2774 fortem,
591 2698 743 2776 exceptis
758 2699 799 2761 iis
814 2719 903 2774 quae
923 2720 985 2774 per
1000 2720 1126 2774 aquam
1151 2698 1281 2775 regiam
1298 2698 1486 2763 solvuntur.

334 2801 503 2876 Butyrum
530 2799 711 2862 antimonii
734 2821 812 2862 cum
836 2799 957 2876 spiritu
981 2798 1061 2862 salis
1085 2799 1347 2876 praecipitatur;
1363 2799 1391 2862 si
1414 2801 1490 2864 des-

283 2899 429 2977 tilletur,
463 2901 502 2963 fit
533 2909 746 2963 menstruum
777 2900 869 2975 quod
900 2908 1038 2977 separat
1064 2910 1246 2976 argentum
1270 2900 1314 2963 ab
1336 2921 1430 2975 aur0,
1456 2909 1490 2964 et

287 3000 498 3076 praecipitat
514 3007 694 3074 argentum
711 3000 755 3063 ad
771 2999 925 3062 fundum.

333 3099 481 3176 Spiritus
496 3098 577 3162 salis
593 3099 726 3163 solvere
742 3098 831 3162 solet
848 3099 974 3163 ferrum
991 3109 1026 3162 et
1049 3099 1241 3176 chalybem.
1291 3101 1359 3163 Sed
1375 3101 1403 3163 si
1419 3122 1486 3177 ope

283 3201 377 3275 ignis
400 3221 440 3262 ex
463 3200 554 3263 lerro
576 3221 695 3263 crocus
720 3200 906 3274 obtinetur,
932 3221 1000 3263 non
1025 3199 1145 3264 itidem
1167 3199 1224 3263 ille
1247 3222 1308 3278 per
1329 3200 1487 3278 spiritum

283 3301 379 3364 ¹hunc
403 3300 483 3363 salis
507 3300 592 3363 solvi
618 3309 733 3377 potest
757 3310 793 3364 ut
818 3300 1027 3378 ipsissimum
1058 3301 1184 3363 serrum
1210 3323 1250 3364 ex
1275 3323 1344 3377 quo
1368 3322 1488 3368 crocus

284 3410 442 3486 paratum
467 3400 667 3478 suppeditat
694 3402 798 3464 modo
825 3401 949 3463 flavam
977 3400 1048 3464 sive
1075 3401 1256 3464 rubentem
1284 3401 1481 3477 tincturam,

282 3523 364 3564 cum
382 3510 499 3563 tamen
515 3500 641 3564 solutio
657 3500 737 3563 ferri
754 3523 815 3577 per
830 3500 988 3577 spiritum
1005 3501 1085 3564 salis
1101 3500 1282 3564 viridescat
1299 3522 1363 3565 nec
1379 3500 1481 3565 solvit

236 3605 238 3609 ’
284 3601 513 3664 baematiten.

327 3700 466 3765 Nullum
490 3699 635 3774 acidum,
655 3700 807 3778 sulphur,
828 3723 896 3777 quo
919 3700 1059 3778 copiose
1083 3701 1252 3766 imbutum
1276 3709 1327 3764 est
1344 3701 1483 3776 ferrum,

279 3809 356 3864 tarn
387 3800 546 3878 expedite
577 3801 735 3873 extrahit,
763 3823 867 3877 quam
897 3801 1031 3864 acidum
1063 3801 1143 3865 salis
1172 3802 1377 3878 communis;
1415 3801 1487 3865 sive

280 3901 376 3964 enirn
399 3900 526 3965 solutio
543 3901 662 3964 martis
678 3922 754 3964 cum
771 3901 893 3978 spiritu
909 3901 990 3964 salis
1006 3901 1098 3965 facta
1114 3902 1327 3979 inspissetur,
1347 3901 1418 3964 sive
1435 3901 1486 3965 sal

278 4001 538 4064 ammoniacum
562 4022 638 4063 cum
655 4001 815 4063 limatura
832 4000 951 4064 martis
967 4010 1136 4065 tractetur
1150 4001 1229 4077 igne
1245 4002 1372 4076 clauso
1392 4002 1487 4066 vitri-

280 4100 375 4164 olum
413 4101 598 4171 obtinetur,
633 4099 756 4163 coloris
792 4101 882 4174 flavi,
916 4101 1049 4178 saporis
1079 4102 1334 4178 adstringentis,
1369 4102 1485 4166 odoris

282 4201 380 4276 grati,
401 4201 493 4276 quod
520 4222 588 4263 non
614 4201 745 4276 patitur
766 4200 1115 4276 chrystallisationem
1142 4203 1202 4265 sed
1224 4203 1259 4265 in
1279 4224 1361 4265 aere
1378 4202 1490 4266 libero

280 4299 495 4376 deliquescit.
545 4300 692 4377 Spiritus
715 4301 784 4362 vini
808 4300 939 4377 optime
955 4301 1230 4378 dephlegmatur,
1249 4301 1277 4364 si
1293 4323 1396 4380 super
1411 4302 1487 4366 fun-

277 4401 382 4475 ditur,
402 4402 518 4464 statim
542 4400 728 4478 sulphurea
752 4401 870 4464 martis
894 4413 927 4464 et
952 4401 1089 4465 tenuior
1111 4402 1224 4479 portio
1241 4402 1321 4466 salis
1337 4403 1485 4467 victrioli
