3524 5314
337 765 356 825 4
700 744 1121 810 pesxmconuuur

339 937 427 1009 neat,
442 933 494 994 vel
508 933 555 993 sal
569 949 641 993 cum
654 933 771 1010 exigua
788 937 879 1011 parte
892 947 998 1007 aquae,
1010 947 1084 1008 quae
1101 931 1173 991 dein
1186 931 1357 1009 evaporari
1370 931 1485 1010 possit;

338 1035 382 1094 sic
407 1035 519 1094 haberi
543 1036 652 1111 potest
674 1033 844 1109 quantitas
867 1031 944 1092 salis
966 1038 1000 1092 et
1025 1031 1166 1109 qualitas
1189 1032 1261 1110 ejus
1284 1031 1354 1092 sine
1385 1033 1486 1092 multo

340 1135 460 1195 labore.

381 1232 444 1295 Sed
476 1233 592 1294 melius
622 1233 728 1294 adhuc
759 1233 923 1312 peragitur
953 1231 1069 1293 eadem
1100 1248 1210 1311 opera,
1236 1233 1262 1293 si
1288 1237 1486 1311 evaporetur

339 1335 446 1412 aliqua
463 1351 538 1413 pars
555 1333 668 1408 lixivii,
685 1335 756 1394 slve
772 1333 901 1393 dimidia
918 1333 988 1394 sive
1006 1334 1118 1411 major,
1137 1333 1190 1394 vel
1209 1331 1404 1410 usquedum
1421 1334 1484 1411 pel·

340 1436 467 1496 liculam
482 1435 645 1512 quandam
663 1433 909 1494 animadvertas
919 1433 949 1494 in
961 1431 1133 1512 superficie
1145 1454 1152 1510 ;
1165 1434 1327 1494 eximatur
1343 1438 1412 1494 tum
1427 1450 1487 1494 vas

339 1536 420 1597 etin
437 1536 519 1596 cella
535 1535 660 1595 vinaria
676 1551 774 1613 super
799 1539 927 1594 noctem
952 1538 1139 1612 reponatur,
1164 1538 1198 1594 et
1221 1533 1384 1594 residuum
1409 1551 1487 1594 eva-

340 1641 475 1715 poretur
493 1652 605 1696 rursus
621 1635 671 1696 die
689 1634 854 1711 sequenti,
872 1639 906 1694 et
920 1634 1033 1695 eodem
1052 1634 1147 1695 modo
1158 1635 1375 1712 reponaturin
1392 1635 1485 1710 cella,

341 1737 416 1797 dum
442 1737 549 1796 omnis
579 1735 768 1814 evaporatio
791 1735 836 1795 sic
867 1751 924 1814 per
947 1735 1037 1795 vices
1060 1742 1192 1814 peracta
1216 1735 1276 1811 sit;
1299 1735 1375 1795 dum
1400 1735 1485 1794 enim

342 1837 535 1914 relinquitur
564 1836 630 1896 tale
661 1835 805 1895 lixivium
836 1836 875 1896 ad
899 1836 1035 1895 multam
1065 1840 1190 1914 partem
1215 1840 1428 1914 evaporatum
1455 1835 1486 1895 in

340 1938 434 2013 cella,
460 1941 622 2016 reponunt
645 1952 681 1996 se
705 1935 745 1995 ad
768 1934 905 1996 fundum
930 1937 1019 1997 vasis
1042 1936 1212 2014 chrystalli
1233 1936 1327 1996 salini
1357 1936 1488 2014 elegan-

340 2037 449 2112 tiores
468 2037 553 2097 unde
570 2038 711 2097 liabetur
728 2035 805 2096 salis
820 2037 989 2113 quantitas
1005 2042 1038 2098 et
1050 2037 1192 2114 qualitas
1208 2037 1359 2114 quaesita.

352 2179 354 2184 ,
384 2136 444 2197 Per
460 2138 600 2199 eundem
618 2137 725 2214 ignem
743 2135 857 2196 eadem
874 2153 973 2215 opera
989 2141 1097 2216 potest
1113 2137 1250 2212 institui,
1276 2137 1370 2197 modo
1389 2154 1487 2196 nove-

342 2237 384 2297 ris
400 2237 519 2314 gradus
536 2239 608 2316 ejus
624 2238 813 2311 observare,
828 2235 963 2310 scilicet,
978 2241 1014 2297 ut
1030 2237 1200 2298 mediocris
1216 2237 1258 2297 sit
1273 2236 1305 2297 in
1322 2237 1486 2315 principio,

342 2338 416 2398 dein
432 2337 525 2398 tortis
541 2342 574 2398 et
589 2337 712 2412 fortior,
730 2343 763 2397 et
779 2337 823 2396 sic
841 2338 902 2397 sub
926 2335 1024 2397 fmem
1048 2337 1244 2398 diminuatur
1267 2337 1409 2412 sensim;
1432 2355 1488 2417 pe-

342 2443 430 2498 racta
447 2455 557 2518 opera,
576 2437 714 2498 habebis
731 2437 807 2497 salis
823 2438 1041 2514 quantitatem
1058 2438 1244 2515 quaesitam.

384 2536 448 2600 Sed
478 2539 561 2598 circa
592 2554 707 2599 omnes
730 2536 903 2615 praedictos
926 2538 1126 2616 probationis
1156 2539 1271 2599 modos
1294 2539 1488 2600 observabis

342 2640 485 2714 omnino,
502 2639 586 2715 quod
598 2653 683 2714 aqua
696 2638 780 2699 dicta
794 2638 897 2698 salina
910 2655 966 2717 per
983 2640 1129 2700 chartam
1143 2640 1373 2717 emporeticam
1390 2637 1486 2700 filtre-

342 2744 406 2815 tur,
434 2739 515 2799 adeo
540 2744 575 2799 ut
598 2738 735 2798 munda¹
760 2739 801 2798 sit
831 2739 872 2798 ab
890 2739 1119 2816 heterogeneis
1140 2744 1173 2800 et
1193 2740 1355 2819 praecipue
1378 2758 1397 2800 a
1420 2741 1488 2820 pin-

342 2840 496 2917 quedine,
506 2839 532 2899 si
542 2839 627 2899 enim
642 2838 761 2917 pinque
772 2838 847 2915 quid
862 2839 890 2898 ei
904 2839 1077 2915 inhaereat,
1091 2840 1348 2917 chrystallisatio
1361 2841 1491 2918 nequic-

342 2957 439 3018 quam
463 2943 631 3015 sentatur;
655 2940 773 3016 pariter
797 2939 823 2999 si
846 2956 907 2999 vas
930 2943 1022 2999 tuum
1041 2941 1210 3000 inunctum
1235 2941 1276 3000 sit
1292 2941 1489 3019 pinquedine

343 3040 502 3118 quadam;
519 3039 662 3119 separari
678 3044 755 3099 tunc
774 3040 886 3116 nequit
903 3039 1038 3100 materia
1055 3041 1159 3100 salina
1175 3042 1217 3101 ab
1233 3042 1376 3120 aquosis

133 3150 301 3238 fiffifflre·
382 3140 413 3202 6.
440 3139 607 3202 Mellodus
622 3138 876 3200 Erleriananuic
890 3140 1003 3200 similis
1014 3147 1076 3203 est.
1100 3141 1201 3203 lubet
1212 3138 1488 3220 v'asculumquod-

131 3245 237 3289 viseum
340 3242 413 3302 dam
428 3240 532 3320 parari
545 3240 699 3316 exiguum
716 3240 773 3300 sed
787 3245 984 3318 exargento‚
1002 3258 1074 3301 nam
1084 3258 1217 3320 cuprum
1230 3247 1263 3302 et
1273 3241 1395 3303 ferrum
1412 3260 1488 3303 exe-

339 3343 422 3402 ditur
440 3342 480 3400 ab
497 3356 581 3417 aqua
598 3341 713 3416 salina,
729 3345 762 3400 et
778 3340 1039 3418 experimentum
1056 3347 1296 3419 consequenter
1312 3360 1375 3404 non
1388 3360 1488 3421 genu-

341 3444 429 3501 inum
443 3441 564 3519 prodit;
582 3443 751 3501 vasculum
771 3440 951 3502 hocformae
963 3441 1132 3518 quadratae
1150 3448 1295 3520 paretur,
1314 3448 1347 3504 et
1360 3444 1488 3504 lamella

341 3545 553 3620 supponatur,
567 3545 600 3600 et
612 3545 764 3601 teneatur
780 3541 824 3601 sic
842 3557 939 3619 supra
953 3542 1060 3618 ignem
1074 3543 1237 3620 quendam
1252 3544 1404 3622 exiguum
1418 3546 1488 3604 sive

340 3643 518 3703 carbonum
533 3641 602 3700 sive
619 3641 777 3716 candelae,
792 3642 944 3717 quoniam
959 3642 1076 3719 exigua
1093 3659 1168 3721 pars
1184 3660 1278 3720 aquae
1294 3644 1409 3705 salinae
1425 3651 1487 3715 est.

277 3777 280 3784 ·
341 3745 415 3804 hinc
429 3743 526 3802 etiam
544 3742 685 3801 aminori
694 3741 768 3818 igne
785 3742 901 3802 discuti
917 3747 1038 3820 potest.
1084 3742 1147 3804 Sed
1164 3745 1407 3805 observandum
1425 3750 1487 3822 est,

339 3843 424 3922 quod
441 3841 611 3921 ponderari
624 3842 743 3901 debeat
754 3859 837 3918 aqua
847 3843 932 3902 dicta
948 3844 1489 3919 antequaminvasculumimmita·

339 3950 404 4019 tur,
423 3948 458 4003 ut
475 3943 598 4002 scilicet
614 3945 731 4002 exacte
748 3943 819 4002 sciri
836 3944 938 4021 possit
953 3948 1113 4020 quantum
1130 3945 1207 4004 salis
1223 3945 1298 4004 talis
1313 3963 1396 4023 aqua
1413 3963 1488 4008 con·

340 4047 465 4119 tineat;
482 4059 567 4119 aqua
585 4042 682 4102 etiam
699 4039 850 4103 filtranda
868 4048 919 4103 est
935 4061 991 4121 per
1014 4045 1159 4104 chartam
1184 4047 1429 4124 emporeticam,
1454 4052 1489 4107 ut

341 4144 462 4206 munda
478 4141 536 4203 fiat
552 4144 592 4202 ab
610 4142 696 4203 omni
713 4142 910 4220 impuritate.

382 4263 412 4321 7.
461 4242 597 4323 Optime
623 4244 777 4321 probatur
801 4260 885 4319 aqua
908 4244 1011 4304 salina
1042 4246 1147 4322 quoad
1169 4247 1387 4322 quantitatem
1412 4249 1489 4310 salis

339 4347 418 4406 inibi
434 4343 581 4406 contenti
598 4360 653 4422 per
670 4344 924 4403 instrumentum
940 4346 1101 4422 quoddam
1118 4345 1325 4424 peculiariter
1341 4347 1381 4406 ad
1398 4349 1487 4409 illum

341 4442 648 4508 usumconiectum.
682 4441 1487 4527 Constructiotalisinstrumentivarieexponitur,

341 4549 398 4608 sed
416 4563 519 4622 usque
536 4549 647 4604 tamen
666 4543 779 4603 eodem
798 4561 850 4604 res
864 4543 975 4604 recidit
991 4546 1017 4604 si
1034 4546 1092 4605 hac
1110 4548 1162 4606 vel
1179 4547 1231 4606 illa
1245 4549 1488 4611 constructione
