3442 5302
533 643 895 710 CORROSIVITAS
921 646 1063 708 SALIS

750 963 842 1025 LVI.

199 1163 549 1228 EXPERIMENTA
565 1163 708 1228 CIRCA
727 1163 1159 1227 CORROSIVITATEM
1182 1163 1315 1226 SALIS
1337 1164 1401 1226 ET
1516 1230 1518 1234 ,

554 1264 666 1326 ALIA
689 1264 803 1342 EJUS
826 1263 1048 1328 AGENTIA.

242 1447 300 1511 Sal
326 1468 509 1511 commune
536 1447 570 1511 in
596 1447 933 1513 caementationibus
959 1447 1144 1525 plurimum
1167 1456 1351 1525 usurpatur
1367 1455 1401 1512 et

200 1547 345 1612 multum
368 1548 530 1613 conducit
552 1549 597 1613 ad
619 1546 826 1612 solutionem
852 1547 1071 1612 metallorum
1087 1548 1224 1624 siccam,
1244 1557 1281 1613 ut
1299 1547 1400 1624 pluri·

199 1669 293 1711 mum
311 1647 361 1711 sal
377 1642 570 1724 gemmae*

243 1748 279 1811 Si
302 1748 408 1812 etiarn
431 1748 481 1812 sal
505 1769 567 1825 per
582 1747 649 1811 alia
665 1768 811 1825 corpora
827 1748 1005 1824 digeratur
1026 1747 1114 1812 solet
1132 1747 1236 1812 etiarn
1253 1747 1311 1811 illa
1327 1756 1403 1812 tan-

199 1849 278 1912 dem
295 1847 439 1912 solvere.

242 1947 376 2011 Pariter
399 1947 571 2024 purificari
598 1956 713 2025 potest
739 1947 925 2012 mercurius
948 1968 1010 2025 per
1025 1969 1152 2024 aquam
1167 1946 1313 2011 salinam
1330 1947 1402 2011 sive

199 2069 262 2125 per
284 2048 396 2125 ipsum
419 2046 480 2121 sal,
500 2048 589 2111 adeo
613 2056 650 2111 ut
666 2046 788 2111 melius
803 2047 954 2112 insinuet
970 2068 1006 2110 se
1023 2047 1057 2111 in
1075 2046 1261 2124 particulas
1277 2046 1350 2110 auri
1367 2056 1401 2111 et

199 2147 359 2212 mercurii
375 2169 480 2232 quam
497 2147 531 2210 in
547 2147 634 2212 alius
651 2146 792 2211 metalli.

241 2249 371 2311 Aurum
389 2247 635 2325 pulverisatum
653 2269 715 2325 per
730 2247 780 2311 sal
797 2247 969 2325 purificari
986 2255 1113 2324 potest.

242 2347 342 2412 Circa
372 2347 596 2425 probationes
625 2347 833 2412 minerarum
864 2356 1048 2425 usurpatur
1076 2347 1177 2424 copia
1203 2346 1285 2410 salis
1311 2368 1404 2412 com-

200 2447 322 2522 munis,
342 2448 435 2525 quod
460 2447 495 2510 in
522 2447 698 2525 superiore
725 2456 824 2525 parte
849 2446 950 2523 tigilli
976 2447 1156 2524 reponitur
1177 2448 1221 2511 ad
1246 2441 1278 2519 ½
1306 2447 1361 2511 vel
1386 2449 1402 2511 1

200 2547 335 2626 pollicis
360 2547 562 2618 crassitiem,
592 2547 682 2613 illius
707 2548 812 2612 etiam
840 2568 906 2622 ope
933 2546 1074 2612 metalla
1101 2569 1121 2612 a
1147 2547 1267 2612 scoriis
1292 2568 1402 2613 secer·

200 2656 338 2714 nuntur.

244 2747 280 2811 Si
297 2747 439 2826 plumbo
454 2748 509 2812 vel
525 2757 662 2824 stanno,
681 2747 715 2811 in
732 2747 908 2812 crucibulo
928 2747 1022 2823 lusis
1042 2747 1223 2827 adjiciatur
1237 2747 1288 2812 sal
1311 2769 1404 2812 com-

200 2869 314 2924 mune,
334 2856 368 2911 et
385 2869 498 2913 massa
521 2848 647 2913 bacillo
669 2850 783 2913 ferreo
799 2849 906 2926 probe
922 2848 1083 2924 agitatur,
1104 2847 1244 2912 metalla
1265 2847 1352 2912 haec
1368 2847 1403 2912 in

199 2947 475 3012 subtillissimum
501 2948 679 3025 pulverem
704 2948 813 3012 instar
838 2949 991 3015 cinerum
1021 2947 1315 3022 comminuuntur;
1352 2946 1404 3012 sal

200 3065 384 3113 commune
397 3048 513 3124 etiam,
529 3048 603 3111 sine
616 3047 685 3112 ulla
700 3069 736 3111 re
752 3047 820 3112 alia
836 3049 981 3125 adjecta,
997 3047 1032 3111 in
1045 3046 1219 3112 crucibulo
1236 3047 1400 3122 tunditur,

200 3147 415 3225 disjectoque
431 3147 466 3211 in
481 3169 582 3212 auras
597 3147 697 3213 acido
712 3147 835 3225 spiritu
851 3146 1058 3213 alcalisatur.

243 3247 302 3312 Sal
324 3247 509 3324 aliquoties
531 3249 643 3312 fusum
667 3250 819 3323 tandem,
839 3249 976 3326 adjecto
992 3246 1133 3324 pulvere
1148 3247 1348 3322 carbonum,
1367 3247 1403 3311 in

200 3368 350 3412 massam
373 3347 605 3425 sulphuream,
626 3347 724 3424 quasi
747 3347 926 3426 quippiam
950 3346 1123 3424 sulphuris
1147 3346 1322 3410 mineralis
1344 3348 1402 3411 ad·

200 3447 309 3512 ditum
326 3448 440 3523 luerit,
459 3448 593 3512 transit.
643 3448 885 3512 Hoffmannus

242 3547 302 3612 Sal
325 3548 430 3612 etiam
453 3549 581 3612 terrum
603 3547 776 3613 convertit
792 3547 826 3611 in
841 3546 1036 3625 chalybem,
1056 3556 1091 3611 et
1107 3546 1173 3610 hoc
1189 3547 1302 3624 ipsum
1319 3546 1356 3610 fit
1373 3546 1401 3610 si

200 3648 312 3712 bonae
329 3656 433 3712 notae
449 3649 577 3712 ferrum
593 3647 627 3712 in
643 3647 757 3713 bacilli
773 3647 920 3711 formam
937 3668 1099 3712 excusum
1116 3647 1206 3710 inter
1219 3647 1316 3711 vivos
1331 3668 1404 3710 car-

201 3748 319 3821 boneS,
339 3748 462 3824 quibus
487 3747 632 3812 multum
656 3747 737 3818 salis
761 3747 954 3812 communis
978 3747 1151 3824 adjectum
1172 3745 1247 3822 fuit,
1267 3746 1403 3810 fortiter

200 3846 350 3923 igniatur
364 3856 470 3924 atque
486 3868 590 3924 super
604 3847 727 3912 incude
744 3847 846 3911 malei
862 3847 986 3912 ictibus
1002 3847 1211 3911 extundatur
1225 3855 1259 3910 et
1272 3845 1403 3910 scoriae

201 3945 280 4012 inde
296 3957 502 4025 separentur
516 3947 619 4024 idque
636 3947 820 4024 aliquoties
835 3940 1049 4024 repetaturl

243 4048 302 4113 Sal
340 4048 526 4126 permistus
555 4049 599 4113 ab
629 4048 789 4112 omnium
813 4047 1014 4112 animalium
1045 4048 1201 4125 partibus
1231 4047 1425 4136 putrefacj

234 4176 357 4226 *Verba
380 4179 397 4203 “
411 4173 597 4242 [pluri]mum
625 4177 666 4226 sal
691 4177 849 4241 gemmae”
871 4175 908 4226 ad
925 4176 1097 4241 autographi
1118 4173 1277 4240 marginem
1298 4172 1403 4238 scripta

201 4274 215 4308 s
237 4274 255 4308 n
270 4288 314 4310 .-
365 4297 371 4310 .

216 4275 246 4403 ut
257 4260 368 4394 tTreilhi
382 4343 550 4408 paragraphi
562 4344 598 4394 ad
610 4341 769 4408 marginem
780 4341 952 4407 autographi
965 4341 1063 4407 scripti
1074 4342 1242 4395 sunt-En.
