3442 5302
405 641 627 704 OBSERVA
640 641 697 704 ΤΑ
724 641 794 704 ET
812 641 1176 704 EXPERIMENTA
1339 653 1397 712 129

233 825 366 890 Fontes
390 825 463 888 iere
490 846 611 888 omnes
637 824 747 900 salini,
773 824 945 904 aliquibus
972 824 1136 902 exceptis
1155 824 1190 890 in
1213 823 1288 888 solo
1312 823 1398 901 pali-

191 925 313 991 dinoso
335 926 564 1004 reperiuntur,
583 925 637 989 vel
661 927 705 990 ad
721 925 900 991 minimum
917 925 973 990 hic
989 934 1023 990 et
1039 925 1085 992 ibi
1102 934 1248 1004 apparet
1266 925 1398 1003 paludi-

192 1047 327 1092 nosum.

232 1129 261 1192 4.
289 1127 421 1190 Omnes
451 1127 522 1189 lere
550 1148 649 1204 aquae
676 1124 794 1191 salinae
820 1124 951 1203 aliquid
969 1125 1250 1202 *heterogeneum
1278 1146 1396 1192 secum

191 1225 317 1302 lerunt,
336 1227 407 1290 sive
432 1225 597 1290 minerale
622 1226 704 1302 quid
719 1225 791 1290 sive
805 1225 1042 1302 sulphureum,
1062 1227 1134 1292 sive
1150 1225 1392 1301 aluminosum,

190 1327 262 1390 sive
289 1326 457 1391 nitrosum
485 1327 578 1402 quid,
606 1326 678 1390 sive
708 1325 912 1401 calcareum,
942 1326 1014 1390 sive
1044 1325 1283 1402 victriolicum‚
1314 1323 1396 1392 hinc

191 1448 297 1490 unum
313 1425 363 1489 sal
380 1427 493 1491 differt
511 1426 657 1490 multum
671 1427 718 1490 ab
733 1425 844 1489 altero
859 1425 994 1490 ratione
1011 1425 1198 1504 qualitatis.
1249 1427 1398 1489 Hetero-

191 1548 300 1604 genea
323 1526 398 1592 haec
420 1549 439 1590 a
462 1525 534 1592 sale
556 1526 710 1604 separari
733 1535 911 1604 nequeunt
934 1547 995 1602 per
1010 1536 1120 1592 artem
1137 1525 1231 1590 illam
1247 1535 1398 1590 secreto-

190 1627 274 1691 riam
302 1626 357 1690 vel
378 1627 663 1700 fortificatoriam
683 1648 750 1704 ope
774 1626 978 1703 stipularum
1003 1635 1038 1690 et
1060 1626 1159 1699 aeris,
1178 1625 1233 1688 vel
1248 1627 1397 1702 gradeer

190 1721 325 1804 werck‚¹
339 1726 563 1804 appellatam,
583 1749 663 1790 nam
685 1727 843 1803 graviora
860 1748 930 1792 non
952 1726 1163 1804 dissipantur
1185 1727 1245 1796 sed
1267 1747 1395 1801 aquarn
1432 1745 1440 1766 ‘

190 1827 413 1892 delabentem
429 1849 497 1890 una
512 1835 713 1904 sequuntur.

233 1931 261 1992 5.
290 1927 478 1992 Probatum
502 1927 675 2006 aliquibus
700 1927 735 1990 in
762 1927 846 1991 locis
873 1935 934 1996 est.
962 1926 996 1989 in
1023 1926 1165 1991 cortinis
1193 1925 1336 2001 magnis
1357 1934 1394 1989 ut

191 2026 305 2093 Hallis
327 2036 361 2090 et
387 2026 479 2103 alibi,
510 2027 659 2091 obtineri
674 2026 724 2090 sal
751 2027 878 2104 pejoris
904 2035 996 2090 notae
1023 2037 1057 2090 et
1084 2026 1219 2100 indolis
1240 2047 1345 2102 quam
1367 2025 1395 2088 si

189 2127 392 2205 evaporatio
416 2127 617 2192 instituatur
639 2127 673 2190 in
700 2127 842 2192 cortinis
864 2127 1064 2202 minoribus
1084 2126 1163 2190 hinc
1189 2126 1291 2204 plane
1317 2147 1395 2202 pro-

191 2227 339 2291 hibitum
364 2236 427 2302 est,
455 2227 589 2304 magnis
614 2227 850 2304 hujuscemodi
875 2227 1016 2292 cortinis
1040 2227 1115 2301 frui,
1143 2228 1204 2290 sed
1229 2226 1395 2290 utendum

192 2335 243 2390 est
266 2327 467 2403 minoribus
487 2327 645 2404 quamvis
668 2329 778 2404 major
798 2327 899 2404 copia
914 2326 998 2404 ligni
1014 2326 1217 2390 insumenda
1233 2326 1287 2389 sit.
1336 2324 1396 2388 Sal

190 2425 224 2490 in
249 2427 392 2490 cortinis
415 2427 545 2504 exiguis
569 2436 755 2516 excoctum·
776 2428 820 2492 ab
844 2426 986 2490 humido
1009 2447 1089 2496 aere
1112 2448 1181 2489 non
1204 2435 1277 2490 tarn
1293 2424 1395 2489 facile

191 2526 345 2604 solvitur,
359 2549 464 2603 quam
480 2526 531 2590 sal
546 2527 581 2590 in
596 2527 739 2590 cortinis
754 2527 1001 2604 capacioribus.
1044 2528 1083 2590 ln
1100 2526 1286 2604 majoribus
1302 2526 1396 2590 hisce

191 2626 394 2703 coagulatur
410 2627 507 2703 quasi
523 2627 583 2700 sal,
604 2629 712 2703 litque
730 2627 871 2690 minutis
888 2626 1012 2706 granis,
1033 2627 1122 2704 perit
1139 2626 1234 2690 color
1250 2636 1284 2689 et
1300 2625 1397 2691 forti·

191 2728 346 2803 tudo‚·in
357 2726 499 2792 humido
514 2749 594 2804 aere
611 2727 788 2806 peritiore
806 2720 840 2800 Vs
860 2749 950 2806 pars

233 2831 262 2892 6.
290 2827 484 2906 Fortificari
501 2828 606 2891 etiam
622 2850 713 2904 aqua
728 2828 837 2892 salina
854 2836 981 2905 potest,
1000 2828 1028 2890 si
1044 2828 1078 2890 in
1094 2849 1193 2892 usum
1209 2827 1395 2892 adhibean-

191 2935 247 2993 tur
271 2927 422 2992 caldaria
445 2928 517 2992 sive
540 2949 622 2992 vasa
645 2928 679 2992 in
703 2928 827 2992 vicinia
849 2928 1061 2992 cortinarum
1077 2926 1395 3003 evaporatoriarum

192 3028 226 3092 in
253 3028 377 3105 quibus
403 3050 494 3105 aqua
519 3029 629 3092 salina
653 3029 794 3093 calescit
819 3039 853 3092 et
878 3028 1058 3106 paullatim
1082 3036 1300 3105 evaporatur,
1327 3047 1397 3092 uno

193 3129 284 3194 enim
307 3128 500 3207 eodemque
522 3129 600 3206 igne
625 3128 691 3192 hoc
716 3128 834 3206 peragi
859 3135 987 3206 potest,
1007 3129 1096 3192 unde
1112 3126 1303 3192 instituitur
1317 3149 1396 3190 cum

193 3228 406 3305 parcimonia
431 3229 581 3306 quadam
611 3227 796 3305 lignorum3
841 3230 903 3294 sed
927 3249 987 3292 vas
1011 3228 1247 3306 hujuscemodi
1272 3226 1398 3292 callac-

191 3329 317 3393 torium
344 3350 385 3391 ex
411 3328 503 3392 lerro
526 3329 656 3392 factum
684 3349 753 3391 non
779 3328 837 3391 diu
864 3327 1020 3404 usurpari
1048 3348 1149 3405 posse
1175 3328 1308 3403 dicitur,
1335 3327 1397 3394 sed

191 3429 319 3492 diutius
348 3429 376 3491 si
400 3450 442 3492 ex
468 3427 624 3505 plumbo;
658 3429 718 3492 sed
744 3427 794 3491 sal
820 3429 855 3491 in
881 3427 972 3492 vasis
995 3428 1166 3505 plumbeis
1188 3427 1395 3492 calefactum

192 3528 316 3593 dicitur
331 3529 437 3618 etiam
450 3529 589 3591 noxium
606 3528 689 3592 lieri.

233 3631 262 3695 7.
290 3628 349 3692 Sal
366 3630 458 3705 quod
474 3629 562 3691 bene
579 3637 614 3692 et
630 3628 700 3692 cito
716 3649 785 3707 non
801 3629 967 3692 siccatum
986 3637 1049 3705 est,
1068 3629 1195 3706 pejoris
1218 3627 1397 3704 qualitatis

193 3750 266 3792 esse
282 3729 371 3792 solet
388 3751 492 3805 quam
507 3727 591 3792 illud
608 3729 702 3805 quod
718 3728 819 3793 citius
835 3737 869 3792 et
885 3727 1007 3792 melius
1022 3728 1181 3804 siccatur,
1201 3729 1291 3792 unde
1308 3748 1396 3805 opus

193 3839 244 3893 est
259 3829 438 3905 industria,
459 3837 494 3892 ut
511 3828 659 3892 siccetur
674 3830 763 3892 bene
779 3827 829 3892 sal
846 3817 887 3891 err
902 3827 1045 3893 cortinis
1061 3837 1291 3905 exportatum.
1342 3828 1395 3890 De

165 4011 168 4016 Ι
193 3927 245 3993 his
272 3951 350 4005 quae
372 3929 408 3993 in
435 3932 463 4005 1,
483 3931 512 4002 2,
532 3932 561 4004 3,
580 3931 610 4002 4,
631 3933 659 4006 5,
678 3931 737 4010 tito
764 3929 901 4006 punctis
923 3927 1030 3992 allata
1052 3938 1142 4004 sunt,
1168 3927 1247 3994 vide
1269 3936 1396 3992 tracta-

192 4029 301 4094 tulum
317 4029 482 4105 anonymi
499 4030 599 4094 saltz
616 4031 688 4094 und
700 4031 885 4104 Berggez‘st
899 4027 1126 4106 appellatum.

233 4131 262 4195 7.
290 4130 330 4194 In
358 4129 445 4192 Mari
473 4128 647 4195 Bothnico
673 4150 743 4192 non
769 4130 956 4194 admodum
982 4128 1073 4198 salsa
1099 4137 1151 4192 est
1173 4150 1278 4204 aqua;
1308 4127 1395 4194 libra

193 4251 291 4307 aquae
318 4233 335 4292 1
363 4231 467 4293 modo
495 4228 674 4306 lothonem
705 4228 786 4294 salis
815 4229 981 4294 continet.
1028 4230 1082 4295 Ad
1111 4230 1207 4294 Mare
1233 4226 1391 4303 Boreale,

194 4351 302 4408 prope
344 4328 534 4394 Bohusiam
572 4329 627 4394 vel
672 4329 863 4406 Norwegiae
898 4349 970 4401 ora,
1002 4328 1140 4394 salsedo
1170 4337 1222 4392 est
1241 4331 1271 4392 -3
1301 4329 1345 4393 ad
1373 4329 1393 4390 4
