3442 5302
382 664 536 728 OBSER
547 664 604 728 VA
617 664 674 725 TA
700 663 770 725 ET
787 661 1149 725 EXPERIMENTA
1312 673 1369 734 127

168 856 259 912 trare
283 846 392 924 possit
417 868 476 910 aer
500 856 534 911 et
558 846 640 910 solis
663 845 768 921 calor,
787 854 822 909 et
837 847 949 922 jaceat
966 845 1012 908 ibi
1028 843 1240 908 cumulatim.
1290 843 1370 907 Mis-

168 947 241 1012 cela
257 946 331 1011 haec
346 946 565 1010 humectetur
580 968 658 1010 cum
674 945 790 1008 lixivio
806 945 936 1009 nitri-et
953 944 1032 1008 dein
1048 944 1208 1020 siccetur,
1231 943 1371 1007 humec-

168 1048 255 1112 tatio
285 1046 359 1110 haec
389 1057 423 1110 et
451 1046 593 1111 siccatio
623 1045 842 1122 humectetur
867 1066 909 1108 eo
936 1066 1044 1121 usque
1070 1044 1151 1107 dum
1178 1064 1245 1121 ope
1269 1043 1369 1121 hujus

168 1148 329 1212 fermenti
359 1169 461 1211 omne
491 1146 541 1211 sal
565 1147 786 1211 immutatum
811 1145 864 1221 sit,
893 1152 927 1208 et
954 1145 1093 1222 quidem
1124 1145 1158 1207 in
1181 1143 1370 1221 salpetram

169 1247 343 1326 quandam
366 1258 534 1324 urentem,
555 1249 648 1324 quod
668 1249 738 1324 jam
761 1247 861 1310 citius
883 1248 952 1324 jam
969 1246 1095 1309 lentius
1110 1246 1265 1330 accidere
1280 1245 1371 1319 solet

167 1351 356 1414 secundum
380 1349 587 1414 industriam
608 1348 810 1425 operatoris.
858 1346 1016 1410 Elixetur
1035 1347 1115 1410 inde
1136 1345 1288 1423 salpetra
1304 1367 1371 1422 ope

168 1471 277 1526 aquae.
298 1459 332 1513 et
356 1471 418 1526 per
440 1448 724 1525 evaporationem
740 1447 819 1510 inde
836 1448 1002 1511 educatur
1016 1445 1178 1523 salpetra.
1228 1445 1373 1510 Residu-

170 1572 226 1614 um
250 1550 283 1612 in
300 1549 414 1613 locum
431 1550 578 1613 eundem
595 1547 769 1625 rejiciatur
784 1556 818 1610 et
835 1548 986 1623 quodam
1002 1555 1161 1623 ternpore
1177 1546 1223 1610 ibi
1239 1546 1372 1622 digera·

169 1659 237 1725 tur;
283 1658 468 1726 postquam
498 1648 722 1711 siccationem
751 1647 972 1724 inspergatur
1006 1669 1096 1722 aqua
1126 1647 1311 1722 communi,
1344 1645 1372 1708 si

168 1750 257 1814 desit
280 1749 431 1812 lixivium
455 1748 633 1823 nitrosum,
653 1747 743 1810 unde
766 1756 951 1823 generatur
971 1747 1052 1810 inde
1074 1767 1190 1809 rursus
1204 1746 1367 1823 salpetra,

170 1871 245 1926 quae
262 1849 395 1912 extrahi
412 1837 530 1925 possit,
551 1857 585 1911 et
601 1847 649 1910 sic
665 1846 838 1910 infinitics.

210 1951 330 2012 Aliter
364 1950 543 2011 secundum
583 1949 806 2013 Glauberum:
850 1945 1013 2009 Solvatur
1042 1945 1092 2009 sal
1122 1966 1305 2009 commune
1336 1945 1371 2008 in

173 2071 273 2124 aqua,
301 2058 335 2112 et
359 2070 424 2111 ana
448 2048 575 2111 nitrum
599 2048 713 2120 fixum,
733 2047 794 2110 sed
816 2046 970 2112 seorsim.
1018 2046 1218 2110 Solutiones
1241 2046 1275 2110 in
1291 2067 1373 2109 vase

171 2149 321 2225 quodam
338 2147 453 2223 ligneo
468 2148 768 2220 commisceantur,
785 2156 819 2210 et
836 2146 919 2209 inibi
937 2168 997 2222 per
1009 2154 1146 2222 tempus
1158 2146 1373 2223 digerantur;

169 2248 248 2312 inde
264 2248 391 2311 solutio
414 2248 494 2310 nitri
517 2247 626 2311 instar
648 2245 809 2309 fermenti
826 2255 990 2322 operatur
1004 2244 1040 2308 in
1055 2244 1105 2309 sal
1122 2267 1315 2321 commune,
1336 2255 1372 2309 et

170 2356 423 2424 consequenter
438 2346 585 2411 habetur
597 2346 724 2410 nitrum
737 2347 878 2423 optimae
890 2345 1024 2410 indolis.
1067 2348 1152 2410 Haec
1165 2346 1370 2422 GlauberuS,

172 2449 228 2524 qui
245 2447 343 2524 plura
360 2447 472 2511 adhuc
488 2448 598 2513 affert.

211 2551 348 2612 Aliter:
388 2551 403 2610 1
435 2540 525 2624 pars1
550 2546 630 2610 salis
657 2556 691 2610 et
717 2547 735 2610 2
763 2541 891 2624 partes²
914 2546 1035 2623 pyritis
1059 2545 1246 2623 sulphurei,
1273 2545 1328 2609 vel
1355 2549 1373 2610 3

171 2643 312 2726 partes‚²
327 2649 523 2712 candefiant
546 2647 580 2710 in
603 2647 739 2711 camino
762 2646 986 2711 calcinatorio
1009 2667 1070 2723 per
1093 2645 1274 2721 bihorium,
1294 2646 1374 2711 inde

171 2748 315 2826 sulphur
343 2757 454 2813 mutat
484 2747 606 2824 salem;
640 2738 786 2810 elixetur
812 2756 846 2810 et
874 2754 1082 2823 evaporetur
1105 2747 1149 2810 ad
1173 2746 1370 2823 cuticulam,

171 2849 250 2912 hinc
272 2847 541 2924 chrystallisatio
564 2847 712 2911 habetur
733 2846 947 2922 longiuscula
971 2846 1080 2909 instar
1094 2845 1266 2922 salpetrae,
1286 2848 1375 2924 ejus-

171 2949 248 3012 dem
272 2948 377 3011 etiam
401 2958 453 3011 est
476 2957 605 3024 gustus
626 2956 660 3010 et
676 2947 711 3010 in
727 2968 806 3010 aere
822 2947 934 3010 calido
950 2945 1115 3010 dilabitur
1129 2946 1163 3009 in
1181 2947 1369 3022 pulverem.

173 3051 249 3112 Hoc
264 3070 342 3112 curn
358 3048 452 3112 calce
468 3048 546 3110 viva
563 3047 707 3124 praepari
727 3055 841 3124 potest
859 3056 895 3124 ut
913 3046 1005 3122 prius
1020 3045 1055 3108 in
1071 3041 1295 3122 salpetranr.*

701 3350 845 3411 xcvii.
881 3310 895 3334 ”

173 3550 458 3614 OBSERVATA
489 3549 553 3612 ET
584 3549 935 3612 EXPERIMENTA
968 3549 1033 3612 EX
1067 3549 1226 3612 VARIIS
1260 3551 1372 3615 AUC-

212 3651 424 3715 TORIBUS
463 3650 728 3720 COLLECTA,
756 3649 1062 3712 PRAESERTIM
1098 3648 1325 3723 CHYMICA‚

257 3751 322 3813 DE
340 3751 460 3813 SALE
477 3750 703 3814 COMMUNI
721 3749 940 3827 EJUSQUE
957 3749 1160 3823 SPIRITU,
1181 3749 1285 3815 ETC.

214 3937 241 3997 1.
268 3933 368 3997 Circa
383 3933 498 3996 fontes
511 3931 639 3996 salinos
651 3933 872 3996 observatum
886 3940 948 4007 est,
963 3953 1032 4008 quo
1044 3931 1247 4008 profundius
1260 3941 1369 4008 eatur,

174 4055 214 4097 eo
238 4034 347 4109 magis
371 4031 541 4097 salsedine
563 4033 632 4095 sint
657 4040 886 4109 praegnantes,
906 4033 994 4095 adeo
1018 4039 1055 4094 ut
1077 4031 1125 4095 illi
1150 4032 1207 4107 qui
1225 4031 1372 4108 primum

173 4133 405 4198 continuerint
427 4134 456 4207 2,
476 4135 495 4195 3
517 4131 572 4195 vel
587 4134 606 4194 4
622 4131 783 4195 lothones
799 4131 834 4194 in
849 4133 868 4194 2
885 4131 943 4205 lb..
963 4132 1006 4195 ad
1030 4131 1302 4208 profunditatem
1319 4135 1369 4206 30,

173 4235 211 4297 45
234 4233 289 4297 vel
311 4237 351 4296 60
368 4232 535 4307 ulnarum,
554 4231 789 4295 continuerint
804 4235 834 4303 8,
855 4234 904 4306 10,
926 4233 963 4294 12
979 4232 1023 4295 ad
1039 4234 1079 4294 14
1095 4230 1266 4307 lothoneS,
1285 4231 1375 4294 scili-

174 4343 228 4397 cet
244 4334 279 4396 in
295 4334 402 4398 fundo
418 4332 534 4396 fontia.

215 4459 331 4528 *Hujus
343 4459 512 4526 paragraphi
524 4460 611 4510 verba
623 4457 654 4508 in
667 4458 795 4523 margine
807 4457 980 4524 autographi
992 4458 1208 4512 exstant-En.
