3442 5302
418 707 628 772 SOLUTIO
648 709 718 771 ET
736 708 981 774 RECOCTIO
1003 709 1145 773 SALIS
1322 725 1379 783 139

176 889 211 952 in
239 889 318 954 loeo
347 889 470 967 calid0,
500 890 667 966 conclavi,
697 912 801 969 super
829 912 996 968 mensam,
1019 893 1176 968 quamvis
1198 891 1232 955 in
1260 913 1378 956 mense

177 989 253 1066 ipso
283 991 387 1067 Majo,
413 990 442 1054 si
472 989 603 1056 scilicet
633 989 668 1054 in
698 1011 759 1054 vas
788 993 963 1068 quoddam
993 990 1171 1068 figulinum
1201 991 1255 1055 vel
1285 990 1378 1057 aliud

176 1089 385 1155 immittatur
414 1091 472 1154 nix
501 1100 536 1155 et
566 1091 617 1155 sal
647 1111 841 1166 commune,
869 1101 904 1156 et
934 1111 995 1169 per
1020 1091 1247 1168 agitationem
1272 1114 1379 1169 quan-

177 1190 257 1254 dam
279 1191 480 1255 continuam
505 1191 563 1255 nix
585 1191 620 1255 in
643 1213 769 1268 aquam
785 1192 952 1269 solvatur;
974 1191 1002 1255 si
1018 1193 1136 1256 subter
1151 1213 1212 1257 vas
1227 1214 1318 1269 aqua
1333 1191 1378 1257 sit

175 1289 265 1354 inter
282 1311 438 1355 mensam
454 1300 489 1355 et
505 1292 649 1356 fundum
665 1291 766 1367 vasiS,
785 1300 868 1357 tunc
884 1291 942 1356 illa
958 1291 993 1355 in
1009 1291 1155 1368 glaciem
1171 1292 1243 1358 abit
1260 1301 1294 1357 et
1310 1292 1378 1356 for-

175 1388 307 1454 tissime
322 1390 501 1468 conjungit
516 1392 659 1456 lundum
675 1391 767 1455 vasis
782 1412 859 1455 cum
876 1412 1006 1456 mensa.

217 1491 258 1554 In
275 1491 362 1555 Mari
379 1490 518 1555 Boreali
533 1492 747 1567 observatur,
767 1501 925 1568 tempore
952 1491 1113 1569 hyemali,
1133 1494 1226 1568 quod
1241 1492 1378 1557 salsedo
1393 1527 1396 1533 ·

175 1589 249 1667 ipsa
275 1590 420 1655 fundum
446 1590 501 1655 vel
524 1590 723 1656 inferiorem
745 1591 922 1668 regionem
950 1591 1053 1656 maris
1078 1600 1186 1669 petat,
1214 1593 1377 1669 quodque

173 1711 265 1767 aqua
289 1689 398 1755 dulcis
421 1691 639 1768 superficiem
663 1712 782 1756 versus
806 1712 843 1755 se
870 1691 993 1768 elevet,
1014 1702 1048 1756 et
1075 1692 1267 1770 praesertim
1289 1692 1317 1755 si
1339 1693 1374 1756 in

174 1789 320 1866 glaciem
350 1791 488 1854 densari
517 1813 608 1868 aqua
634 1791 788 1869 incipiat,
814 1793 857 1856 de
884 1813 952 1869 qua
978 1813 1014 1856 re
1040 1791 1133 1869 prius
1163 1801 1216 1856 est
1246 1804 1372 1867 actum,

174 1888 254 1954 hinc
270 1892 565 1968 supersedendum
582 1890 637 1955 hic
653 1900 715 1956 est.

738 2129 815 2191 LII.

419 2295 767 2359 REGENERATIO
792 2296 925 2358 SALIS
948 2296 1129 2360 MARINI.

215 2463 252 2525 Si
281 2461 416 2539 spiritui
446 2460 527 2525 salis
557 2462 679 2526 marini
710 2462 907 2527 affundatur
936 2462 1050 2527 oleum
1079 2463 1201 2528 tartari
1232 2485 1293 2541 per
1319 2465 1377 2528 de·

172 2562 316 2640 liquium
332 2563 376 2627 ad
390 2562 642 2626 saturationem
658 2584 777 2641 usque,
797 2564 858 2628 sed
873 2565 1125 2628 attendendum
1141 2573 1204 2640 est,
1224 2573 1260 2629 ut
1277 2565 1375 2628 effer-

172 2663 348 2727 vescentia
371 2663 502 2738 sedata,
522 2661 606 2726 illud
631 2671 798 2740 punctum
821 2663 1044 2728 salutationis
1067 2664 1273 2741 acquiratur,
1293 2672 1376 2728 tunc

170 2762 284 2840 liquor
299 2762 520 2838 aliquatenus
535 2762 645 2827 salsus
661 2763 725 2827 erit
742 2773 776 2827 et
792 2785 915 2841 parurn
930 2765 1057 2840 acidus,
1078 2785 1148 2827 non
1163 2785 1245 2828 vero
1260 2763 1378 2828 alcali-

172 2884 244 2939 nus,
278 2863 311 2927 id
342 2871 394 2926 est
424 2862 636 2928 salsedinem,
662 2862 804 2929 habebit
834 2863 915 2928 salis
945 2864 1076 2928 marini.
1139 2865 1227 2928 Esse
1256 2873 1374 2928 autem

171 2985 289 3028 verum
320 2962 428 3027 salem
458 2964 638 3039 marinum,
665 2965 767 3028 docet
797 2971 917 3040 gustus
942 2963 1010 3041 ille,
1029 2958 1153 3028 hxitas¹
1175 2966 1217 3028 ad
1245 2964 1373 3041 ignem,

170 3062 307 3139 solutio,
326 3062 606 3140 chrystallisati0,
626 3073 661 3127 et
684 3064 712 3126 si
735 3063 813 3127 huic
829 3063 993 3128 solutioni
1008 3085 1100 3139 aqua
1115 3063 1214 3128 fortis
1230 3063 1372 3140 miscea-

170 3172 235 3239 tur,
255 3163 358 3227 solvit
380 3185 511 3228 aurum.
561 3164 597 3227 Si
621 3163 733 3240 liquor
756 3163 811 3227 hic
834 3185 949 3241 purus,
967 3163 1125 3240 filtratus,
1145 3163 1214 3228 leni
1230 3164 1374 3248 igneuin·

171 3263 338 3340 spissetur
359 3264 404 3327 ad
426 3263 621 3340 cuticulam,
641 3263 720 3328 dein
743 3263 861 3340 frigori
878 3272 1079 3341 exponatur,
1105 3257 1170 3339 [et]
1192 3285 1376 3329 renascun-

171 3370 226 3427 tur
261 3385 363 3427 verae
400 3362 578 3440 chrystalli
614 3363 695 3427 salis
732 3363 865 3427 marini.
914 3364 1063 3439 Quando
1092 3385 1175 3428 vero
1205 3373 1372 3442 punctum

169 3463 392 3527 saturationis
408 3485 478 3527 non
494 3465 706 3539 observatur,
727 3463 790 3526 erit
806 3463 861 3526 vel
876 3464 994 3528 acidus
1008 3463 1063 3526 vel
1078 3464 1254 3540 alcalinus,
1271 3473 1373 3543 prout

171 3562 247 3639 plus
274 3563 328 3626 vel
351 3563 463 3627 minus
486 3565 530 3628 ab
553 3563 720 3628 alterutro
743 3563 848 3628 habet
872 3563 1072 3628 admixtum.
1122 3565 1175 3628 De
1196 3564 1249 3628 his
1272 3566 1371 3628 Dnus

174 3663 365 3729 Boerhave.

724 3865 820 3927 LIII.

305 4032 472 4096 MULTA
496 4031 708 4097 SOLUTIO
732 4033 795 4095 ET
820 4032 1066 4096 RECOCTIO
1091 4033 1234 4096 SALIS.

211 4199 248 4261 Si
271 4197 461 4262 calcinetur
482 4207 518 4261 et
541 4198 694 4263 solvatur
717 4198 817 4263 salet
834 4219 948 4262 rursus
965 4198 1247 4275 chrystallisetur‚
1267 4197 1371 4274 idque

167 4299 325 4374 repetitis
351 4297 621 4374 operationibus,
647 4298 780 4374 singula
807 4298 881 4362 vice
908 4297 1009 4362 limus
1032 4299 1141 4362 instar
1165 4297 1261 4360 misci
1286 4297 1370 4361 satis

170 4398 315 4463 notabili
329 4398 536 4475 quantitate,
552 4400 596 4462 ad
608 4399 751 4462 fundum
764 4398 908 4474 secedit;
928 4397 1010 4462 salis
1022 4399 1147 4462 acredo
1159 4395 1368 4471 debilitatur,
