3524 5314
336 774 376 819 20
701 759 759 822 DE
780 759 888 823 SALE
909 759 1124 824 COMMUNI

333 948 423 1018 sunt,
454 942 651 1021 franguntur
680 948 714 1004 et
737 944 977 1004 submittuntur
1001 945 1106 1006 molae.
1154 943 1253 1004 Color
1281 944 1380 1021 hujus
1408 943 1485 1002 salis

335 1042 456 1104 fossilis
471 1043 511 1104 ad
527 1044 668 1122 griseum
686 1045 802 1122 vergit,
820 1043 877 1104 sed
894 1061 967 1104 cum
990 1044 1210 1104 commolitum
1234 1048 1296 1114 est,
1318 1042 1485 1103 candescit

335 1143 438 1203 instar
454 1144 537 1205 alius
554 1144 632 1204 salis
645 1144 771 1204 candidi
789 1146 840 1204 vel
858 1144 990 1206 recocti.

378 1245 574 1322 Anonymus
590 1244 621 1304 ln
639 1245 869 1305 dissertatione
884 1244 932 1306 Da
954 1243 1165 1306 Admirandis
1187 1242 1362 1325 Hungurioe
1383 1242 1485 1324 Aquis

336 1342 437 1405 refert
452 1345 502 1404 his
519 1344 642 1420 verbis,
660 1345 691 1404 in
709 1344 872 1423 praecipua
888 1343 1010 1417 fodina‚
1030 1343 1183 1404 Desiensi
1206 1344 1303 1419 dicta,
1328 1341 1484 1422 Transyl-

335 1444 444 1504 vaniae
465 1449 543 1505 ante
567 1462 689 1522 paucos
710 1462 815 1530 annos
831 1449 1008 1522 antequam
1024 1445 1077 1505 ille
1093 1445 1261 1520 scriberet,
1284 1444 1485 1505 invenerunt

334 1561 485 1622 magnam
502 1562 656 1622 quercum
681 1545 805 1623 ingenti
828 1545 911 1605 trabi
935 1545 1071 1605 similem
1096 1562 1137 1604 ex
1161 1545 1266 1605 medio
1290 1545 1358 1605 sale
1381 1543 1483 1604 fuisse

334 1643 504 1720 effossum,
522 1646 579 1706 sed
597 1646 671 1706 licet
687 1646 769 1706 adeo
786 1645 862 1705 dura
882 1650 984 1720 esset,
1009 1650 1043 1705 ut
1058 1644 1237 1706 ferreorum
1249 1644 1484 1706 instrumento-

337 1763 406 1807 rum
424 1747 508 1806 ictus
525 1747 580 1806 vix
596 1743 797 1821 admitteret,
815 1762 892 1806 aere
915 1749 1026 1806 tamen
1051 1746 1200 1824 exposita
1224 1750 1317 1806 extra
1340 1744 1482 1806 fodinam

336 1851 462 1908 tantam
480 1847 697 1907 contrahebat
713 1846 919 1923 putredinem
935 1850 970 1906 ut
982 1862 1001 1922 4
1013 1846 1136 1907 dierum
1151 1847 1256 1924 spatio
1271 1845 1367 1906 facile
1379 1845 1483 1923 frangi

335 1953 369 2008 et
384 1946 583 2008 frustillatim
601 1948 686 2007 intra
703 1946 819 2024 digitos
834 1946 1009 2007 comminui
1025 1946 1139 2026 possit,
1158 1951 1193 2007 ut
1209 1947 1253 2006 ait
1269 1951 1362 2006 autor
1379 1945 1418 2005 de
1435 1947 1484 2006 his

338 2047 495 2126 BoyleuS.
918 2092 921 2097 .

376 2149 462 2210 Inter
478 2149 525 2208 sal
542 2149 602 2208 hoc
619 2146 730 2208 fossile
747 2147 951 2225 reperiuntur
966 2163 1090 2224 genera
1112 2163 1187 2224 quae
1210 2150 1276 2208 tam
1301 2146 1382 2207 dura
1405 2151 1484 2206 sunt

333 2266 429 2326 quarn
444 2249 542 2309 etiam
556 2248 798 2326 transparentia
810 2247 913 2308 instar
926 2248 1096 2326 chrystalli
1103 2268 1110 2323 ;
1125 2246 1283 2325 reperitur
1297 2249 1344 2307 sal
1358 2246 1483 2307 candidi

334 2349 461 2425 coloris,
475 2348 552 2409 flavi
564 2354 597 2409 et
609 2349 751 2424 coerulei,
764 2366 804 2408 ex
816 2365 880 2425 quo
893 2348 1013 2409 diversi
1024 2348 1154 2426 generis
1166 2347 1278 2425 figurae
1290 2346 1483 2409 formantur.
1572 2381 1574 2386 .

335 2449 406 2528 lpsa
428 2448 538 2510 fodina
563 2453 615 2509 est
635 2448 748 2526 frigida
766 2453 810 2509 ut
825 2453 859 2508 et
874 2448 1018 2524 humida,
1044 2465 1140 2526 quam
1158 2449 1199 2508 ob
1216 2448 1374 2508 rationem
1398 2463 1484 2526 aegre

335 2550 432 2628 redigi
449 2554 559 2628 potest
574 2550 621 2609 sal
639 2549 669 2609 in
687 2550 869 2627 puluerem.

377 2651 423 2710 Ex
440 2651 509 2729 ipsa
522 2666 606 2727 aqua
621 2665 695 2727 quae
711 2649 786 2710 inde
802 2649 985 2711 extrahitur
1002 2653 1035 2710 et
1050 2665 1124 2726 quae
1140 2666 1197 2727 per
1214 2649 1482 2726 evaporationem

336 2768 434 2829 super
459 2751 565 2829 ignem
593 2751 755 2829 abjicitur,
782 2750 948 2810 obtinetur
974 2751 1021 2832 sal
1046 2749 1131 2827 quod
1156 2749 1196 2809 ad
1223 2749 1387 2809 dimidium
1414 2748 1483 2809 fere

337 2850 593 2930 nigrescit,quod
605 2852 646 2911 ab
659 2850 1066 2925 animalibuscomeditur¹,
1079 2855 1112 2910 et
1124 2867 1164 2910 ex
1177 2866 1240 2927 quo
1253 2849 1482 2928 pinguescunt.

378 2953 507 3014 Montes
524 2949 714 3030 Carpatbici
727 2951 780 3028 qui
798 2951 996 3029 llungariam
1011 2955 1044 3010 et
1057 2949 1223 3011 Poloniam
1241 2949 1482 3024 disterminant,

333 3052 445 3114 fossile
467 3053 526 3112 hoc
550 3053 596 3112 sal
620 3053 811 3130 largiuntur.
858 3051 891 3111 ln
914 3048 1168 3128 Transylvaniae
1189 3050 1345 3111 comitatu
1369 3048 1483 3111 Colos-

334 3153 423 3214 sensi
445 3157 490 3212 et'
507 3151 724 3230 Derenburgi,
752 3153 793 3213 ob
826 3153 980 3229 [terram]
1010 3149 1196 3211 foecundam
1226 3151 1483 3211 celebratissima

336 3255 428 3328 urbe,
448 3252 674 3313 nitidissimum
692 3252 885 3331 pellucidum
902 3252 948 3311 sal
966 3251 1100 3312 eruitur.
1147 3250 1179 3311 ln
1203 3250 1367 3328 llungaria
1388 3267 1483 3329 supe·

335 3354 428 3429 riore,
447 3353 603 3432 imprimis
626 3353 784 3413 comitatu
806 3351 1011 3426 Marmaros,²
1027 3368 1069 3411 ex
1086 3351 1250 3412 montibus
1275 3350 1484 3429 Carpatbicis

335 3456 445 3531 largus
461 3453 538 3513 salis
556 3453 655 3531 hujus
667 3453 817 3532 pellucidi
834 3471 870 3512 ac
887 3453 956 3531 puri
973 3457 1153 3531 proventus
1169 3457 1233 3514 est.

877 3687 942 3749 Vll.

398 3855 521 3919 MONS
546 3854 725 3918 SALlNUS
751 3854 1051 3917 HALLSTADIAE'
1076 3855 1128 3916 ET
1151 3855 1418 3920 YSCHLERIAE.

377 4041 410 4102 ln
442 4041 573 4102 nustria
593 4039 723 4101 'dantur
753 4042 863 4119 plures
895 4043 1004 4115 urbeS,
1036 4042 1119 4101 circa
1149 4059 1232 4118 quas
1256 4058 1354 4120 opera
1378 4042 1483 4102 salina

335 4147 423 4203 sunt.
472 4141 660 4220 Praecipuus
685 4157 779 4202 mons
802 4141 928 4201 salinus
951 4147 1003 4202 est
1026 4159 1125 4220 prope
1149 4141 1376 4218 Hallstadium,
1401 4145 1483 4203 alter

335 4247 386 4304 est
398 4243 482 4303 circa
497 4241 629 4303 Yschl.*
659 4241 691 4302 ln
706 4241 895 4302 summitate
909 4242 1023 4302 horum
1037 4242 1194 4303 montium
1208 4248 1259 4303 est
1269 4260 1354 4320 aqua
1367 4242 1482 4319 dulcis,

366 4408 425 4476 *[E
434 4407 579 4474 margine]
591 4407 629 4464 Ul
639 4407 848 4462 etlnLambach
857 4411 883 4462 et
892 4408 1057 4471 Aussensee‚
1076 4423 1188 4462 necnon
1207 4409 1233 4462 in
1253 4409 1483 4477 archiepiscopatu

334 4493 548 4558 salsburgensi,
562 4493 588 4546 ln
602 4492 699 4560 oppido
713 4491 836 4556 Halleln;
854 4491 902 4546 sed
915 4492 956 4545 sal
969 4499 1010 4546 est
1028 4492 1158 4561 impurius
1175 4496 1201 4550 et
1219 4494 1322 4551 limosis
1341 4494 1484 4559 ferreisque

333 4579 455 4648 partibus
467 4579 690 4647 conspurcatum.
