3524 5314
263 775 270 789 ·
372 743 413 803 60
739 741 796 804 DE
817 741 925 805 SALE
947 739 1163 805 COMMUNI

415 926 501 987 Vasa
528 943 606 986 vero
618 943 702 1005 ,quae
727 926 767 986 ad
785 926 965 1005 Principem
982 927 1035 986 vel
1055 926 1237 999 Electorem,
1253 926 1430 1003 pertinent,
1448 942 1523 987 con-

371 1033 495 1087 structa
509 1033 587 1087 sunt
603 1044 701 1106 super
715 1044 815 1086 unum
829 1028 992 1087 caminum
1010 1028 1062 1086 vel
1079 1042 1179 1087 unum
1196 1027 1314 1086 camini
1328 1043 1455 1086 murum
1472 1043 1521 1087 se·

369 1128 512 1188 cundum
529 1127 795 1201 delineationem,
813 1127 910 1204 inque
928 1143 993 1188 uno
1009 1127 1137 1187 camino
1153 1131 1231 1187 sunt
1253 1126 1414 1187 interdum
1436 1126 1467 1201 6,
1491 1144 1521 1203 7,

373 1229 391 1290 8
419 1227 458 1287 ad
488 1243 525 1303 14
549 1244 684 1288 numero
701 1244 783 1287 vasa
800 1227 1027 1305 evaporatoria
1044 1228 1210 1305 plumbea,
1228 1230 1262 1287 et
1286 1228 1336 1287 iric
1361 1228 1429 1287 loco
1447 1227 1523 1304 ligni

372 1309 549 1406 usurpatur
578 1329 675 1388 carbo
706 1326 835 1390 fossilis,
880 1327 945 1388 Vas
975 1328 1163 1406 plumbeum
1195 1342 1213 1387 2
1241 1327 1326 1387 ulnis
1356 1327 1388 1386 in
1418 1326 1522 1388 torma

372 1429 533 1506 quadrata
551 1432 603 1488 est
625 1432 658 1488 et
679 1427 851 1488 altitudine
884 1445 895 1488 1
926 1430 1056 1506 palmae,
1084 1427 1212 1506 pondus
1237 1428 1337 1488 habet
1353 1443 1372 1503 4
1387 1433 1523 1489 centen-

373 1529 525 1604 ariorum,
544 1533 577 1588 et
593 1528 687 1588 durat
712 1533 806 1606 spato
831 1527 852 1602 l
876 1530 965 1604 anni,
991 1534 1070 1588 tunc
1098 1544 1116 1588 e
1142 1545 1227 1588 novo
1248 1529 1365 1588 iterum
1393 1527 1523 1589 formari

372 1631 490 1696 debet:
506 1646 547 1689 ex
564 1629 582 1690 8
598 1628 719 1689 talibus
732 1629 897 1689 obtinetur
910 1627 1026 1706 quavis
1042 1629 1226 1707 septimana
1242 1640 1280 1707 50
1294 1629 1346 1688 ad¹
1358 1628 1400 1690 60
1411 1632 1523 1689 tonnae

374 1730 464 1791 salis,
510 1728 573 1789 Sed
596 1729 680 1789 circa
705 1730 884 1790 coctionem
909 1729 939 1789 in
962 1729 1051 1790 vasis
1076 1729 1238 1808 plumbeis
1264 1746 1323 1789 nec
1350 1728 1524 1789 adhibetur

372 1829 531 1891 cerevisia
549 1846 608 1889 nec
625 1830 771 1906 sanguis
819 1827 916 1890 Circa
933 1834 1036 1890 totum
1054 1830 1114 1890 hoc
1131 1846 1213 1908 opus
1229 1829 1369 1889 salinum
1385 1833 1524 1907 quotan-

372 1933 421 1992 nis
437 1930 628 1991 0btinentur
644 1929 769 1992 circiter
789 1945 924 2005 111,2oo
938 1936 1051 1991 tonnae
1067 1930 1157 1991 salis.

415 2031 447 2091 ln
465 2031 555 2090 vasis
571 2029 621 2088 bis
637 2029 800 2107 plumbeis
812 2031 959 2107 coquitur
976 2030 1112 2105 tamdiu,
1130 2030 1206 2090 dum
1232 2046 1329 2090 omne
1354 2029 1521 2090 humidum

372 2138 424 2193 est
440 2132 602 2210 ejectum;
619 2130 666 2190 sal
682 2131 767 2207 quod
784 2131 814 2190 in
832 2131 893 2190 illis
908 2131 1075 2191 obtinetur
1091 2129 1243 2190 eximitur
1256 2130 1366 2190 statim
1384 2130 1474 2190 vasis
1490 2135 1524 2190 et

373 2235 533 2293 relocatur
550 2247 648 2308 super
665 2231 856 2308 pavimenta
872 2232 991 2292 crassis
1008 2231 1117 2291 linteis
1132 2230 1292 2307 obducta;
1309 2246 1448 2309 cumque
1462 2248 1523 2291 vas

374 2333 481 2394 adiruc
498 2329 644 2406 calescit,
664 2347 680 2390 e
699 2348 783 2392 novo
800 2331 980 2392 infunditur
996 2349 1091 2407 aqua.
1441 2397 1442 2400 Ἴ

417 2431 515 2510 Quod
532 2430 783 2510 descriptionem
806 2433 890 2492 hanc
918 2432 1049 2508 attinet,
1075 2431 1318 2492 observandum
1347 2434 1410 2507 est,
1437 2432 1522 2510 quod

374 2536 458 2596 circa
475 2532 605 2592 modum
623 2533 779 2592 coctionis
797 2531 960 2592 Hallensis
975 2533 1027 2593 illa
1047 2536 1158 2593 notata
1175 2532 1241 2593 sint
1256 2535 1335 2592 ante
1358 2546 1399 2592 20
1414 2533 1466 2592 vel
1485 2547 1524 2609 30

374 2651 498 2709 annos;
515 2633 540 2692 si
557 2629 742 2692 differentia
758 2633 908 2709 quaedam
925 2633 1020 2694 bodie
1033 2633 1168 2708 existat,
1191 2631 1433 2692 emendandum
1458 2637 1521 2694 est.

375 2739 417 2798 nt
431 2735 500 2813 ipse
517 2731 664 2792 caminus
681 2737 732 2793 est
747 2733 1000 2794 constructionis
1012 2733 1188 2812 oppositae;
1205 2730 1410 2792 altitudinem
1422 2730 1523 2793 habet

374 2855 393 2915 4
409 2836 527 2916 pedum
545 2849 585 2892 ex
603 2833 672 2911 ipso
689 2832 773 2908 foco,
792 2834 938 2894 anterius
968 2833 1128 2894 clauditur
1151 2833 1253 2912 janua
1277 2831 1395 2908 ferrea,
1424 2850 1522 2912 supra

371 2953 468 3017 quam
486 2931 642 2994 orificium
659 2934 822 3010 quoddam
838 2939 889 2994 est
905 2933 1040 3009 tactum,
1058 2951 1115 3014 per
1130 2934 1215 3011 quod
1232 2934 1318 3010 ligna
1334 2932 1522 3011 injiciuntur
