<?xml version="1.0" encoding="UTF-8"?>
<!DOCTYPE html PUBLIC "-//W3C//DTD XHTML 1.0 Transitional//EN"
    "http://www.w3.org/TR/xhtml1/DTD/xhtml1-transitional.dtd">
<html xmlns="http://www.w3.org/1999/xhtml" xml:lang="en" lang="en">
 <head>
  <title>
</title>
<meta http-equiv="Content-Type" content="text/html;charset=utf-8" />
  <meta name='ocr-system' content='tesseract 3.04.00' />
  <meta name='ocr-capabilities' content='ocr_page ocr_carea ocr_par ocr_line ocrx_word'/>
</head>
<body>
  <div class='ocr_page' id='page_1' title='image "./desalecommuniho00actogoog_0108.png"; bbox 0 0 3442 5302; ppageno 0'>
   <div class='ocr_carea' id='block_1_1' title="bbox 475 709 1374 776">
    <p class='ocr_par' dir='ltr' id='par_1_1' title="bbox 475 709 1374 776">
     <span class='ocr_line' id='line_1_1' title="bbox 475 709 1374 776; baseline -0.002 -2"><span class='ocrx_word' id='word_1_1' title='bbox 475 710 631 776; x_wconf 82' lang='lat' dir='ltr'><strong>Cocrro</strong></span> <span class='ocrx_word' id='word_1_2' title='bbox 652 709 773 775; x_wconf 77' lang='lat' dir='ltr'><strong>sAtls</strong></span> <span class='ocrx_word' id='word_1_3' title='bbox 793 709 1125 775; x_wconf 86' lang='lat' dir='ltr'><em>STOCKHOLMIAE.</em></span> <span class='ocrx_word' id='word_1_4' title='bbox 1337 711 1374 774; x_wconf 92' lang='lat'><strong>81</strong></span> 
     </span>
    </p>
   </div>
   <div class='ocr_carea' id='block_1_2' title="bbox 230 893 1387 2686">
    <p class='ocr_par' dir='ltr' id='par_1_2' title="bbox 230 893 1387 2686">
     <span class='ocr_line' id='line_1_2' title="bbox 230 893 1380 958; baseline 0.001 -3"><span class='ocrx_word' id='word_1_5' title='bbox 230 893 345 956; x_wconf 92' lang='lat' dir='ltr'><strong>ferreis</strong></span> <span class='ocrx_word' id='word_1_6' title='bbox 362 899 446 957; x_wconf 91' lang='lat' dir='ltr'><strong>bene</strong></span> <span class='ocrx_word' id='word_1_7' title='bbox 461 897 631 958; x_wconf 86' lang='lat' dir='ltr'><strong>connexis.</strong></span> <span class='ocrx_word' id='word_1_8' title='bbox 678 895 840 957; x_wconf 88' lang='lat' dir='ltr'><strong>Caminus</strong></span> <span class='ocrx_word' id='word_1_9' title='bbox 856 897 907 955; x_wconf 88' lang='lat' dir='ltr'><strong>vel</strong></span> <span class='ocrx_word' id='word_1_10' title='bbox 926 913 1038 955; x_wconf 91' lang='lat' dir='ltr'><strong>murus</strong></span> <span class='ocrx_word' id='word_1_11' title='bbox 1054 896 1105 955; x_wconf 88' lang='lat' dir='ltr'><strong>cui</strong></span> <span class='ocrx_word' id='word_1_12' title='bbox 1120 895 1241 956; x_wconf 85' lang='lat' dir='ltr'><strong>insistit</strong></span> <span class='ocrx_word' id='word_1_13' title='bbox 1255 896 1380 957; x_wconf 85' lang='lat' dir='ltr'><strong>cortina</strong></span> 
     </span>
     <span class='ocr_line' id='line_1_3' title="bbox 232 996 1378 1078; baseline 0 -22"><span class='ocrx_word' id='word_1_14' title='bbox 232 1001 283 1056; x_wconf 92' lang='lat' dir='ltr'><strong>est</strong></span> <span class='ocrx_word' id='word_1_15' title='bbox 298 997 527 1078; x_wconf 54' lang='lat' dir='ltr'><strong>altitudineal</strong></span> <span class='ocrx_word' id='word_1_16' title='bbox 542 998 676 1076; x_wconf 88' lang='lat' dir='ltr'><strong>pedum;</strong></span> <span class='ocrx_word' id='word_1_17' title='bbox 700 997 846 1076; x_wconf 86' lang='lat' dir='ltr'><strong>ejusdem</strong></span> <span class='ocrx_word' id='word_1_18' title='bbox 874 996 1064 1074; x_wconf 83' lang='lat' dir='ltr'><strong>capacitatis</strong></span> <span class='ocrx_word' id='word_1_19' title='bbox 1088 1001 1139 1057; x_wconf 89' lang='lat' dir='ltr'><strong>est</strong></span> <span class='ocrx_word' id='word_1_20' title='bbox 1154 997 1315 1071; x_wconf 78' lang='lat' dir='ltr'><strong>caminuS,</strong></span> <span class='ocrx_word' id='word_1_21' title='bbox 1346 997 1378 1056; x_wconf 89' lang='lat' dir='ltr'><strong>ln</strong></span> 
     </span>
     <span class='ocr_line' id='line_1_4' title="bbox 231 1096 1380 1177; baseline 0.002 -21"><span class='ocrx_word' id='word_1_22' title='bbox 231 1101 322 1176; x_wconf 88' lang='lat' dir='ltr'><strong>parte</strong></span> <span class='ocrx_word' id='word_1_23' title='bbox 339 1116 399 1159; x_wconf 89' lang='lat' dir='ltr'><strong>sua</strong></span> <span class='ocrx_word' id='word_1_24' title='bbox 415 1098 578 1174; x_wconf 85' lang='lat' dir='ltr'><strong>interiore,</strong></span> <span class='ocrx_word' id='word_1_25' title='bbox 596 1115 660 1175; x_wconf 88' lang='lat' dir='ltr'><strong>qua</strong></span> <span class='ocrx_word' id='word_1_26' title='bbox 673 1099 742 1177; x_wconf 84' lang='lat' dir='ltr'><strong>ipsa</strong></span> <span class='ocrx_word' id='word_1_27' title='bbox 759 1098 892 1158; x_wconf 88' lang='lat' dir='ltr'><strong>cortina.</strong></span> <span class='ocrx_word' id='word_1_28' title='bbox 910 1096 1040 1174; x_wconf 87' lang='lat' dir='ltr'><strong>Duplex</strong></span> <span class='ocrx_word' id='word_1_29' title='bbox 1051 1102 1102 1157; x_wconf 91' lang='lat' dir='ltr'><strong>est</strong></span> <span class='ocrx_word' id='word_1_30' title='bbox 1112 1097 1380 1172; x_wconf 86' lang='lat' dir='ltr'><strong>caminus,unius</strong></span> 
     </span>
     <span class='ocr_line' id='line_1_5' title="bbox 232 1196 1381 1276; baseline 0 -19"><span class='ocrx_word' id='word_1_31' title='bbox 232 1196 353 1259; x_wconf 86' lang='lat' dir='ltr'><strong>fundus</strong></span> <span class='ocrx_word' id='word_1_32' title='bbox 369 1204 514 1260; x_wconf 87' lang='lat' dir='ltr'><strong>transtro</strong></span> <span class='ocrx_word' id='word_1_33' title='bbox 536 1199 676 1276; x_wconf 89' lang='lat' dir='ltr'><strong>quodam</strong></span> <span class='ocrx_word' id='word_1_34' title='bbox 700 1202 843 1273; x_wconf 87' lang='lat' dir='ltr'><strong>constat,</strong></span> <span class='ocrx_word' id='word_1_35' title='bbox 861 1200 974 1258; x_wconf 85' lang='lat' dir='ltr'><strong>subter</strong></span> <span class='ocrx_word' id='word_1_36' title='bbox 998 1203 1050 1258; x_wconf 90' lang='lat' dir='ltr'><strong>est</strong></span> <span class='ocrx_word' id='word_1_37' title='bbox 1073 1198 1268 1274; x_wconf 79' lang='lat' dir='ltr'><strong>ementium,</strong></span> <span class='ocrx_word' id='word_1_38' title='bbox 1291 1199 1381 1264; x_wconf 87' lang='lat' dir='ltr'><strong>incli-</strong></span> 
     </span>
     <span class='ocr_line' id='line_1_6' title="bbox 235 1298 1382 1361; baseline 0.001 -2"><span class='ocrx_word' id='word_1_39' title='bbox 235 1305 314 1360; x_wconf 91' lang='lat' dir='ltr'><strong>nant</strong></span> <span class='ocrx_word' id='word_1_40' title='bbox 331 1301 412 1359; x_wconf 89' lang='lat' dir='ltr'><strong>muri</strong></span> <span class='ocrx_word' id='word_1_41' title='bbox 428 1300 598 1361; x_wconf 89' lang='lat' dir='ltr'><strong>interiores</strong></span> <span class='ocrx_word' id='word_1_42' title='bbox 615 1317 731 1360; x_wconf 89' lang='lat' dir='ltr'><strong>versus</strong></span> <span class='ocrx_word' id='word_1_43' title='bbox 747 1299 882 1359; x_wconf 87' lang='lat' dir='ltr'><strong>cortinae</strong></span> <span class='ocrx_word' id='word_1_44' title='bbox 898 1300 1012 1360; x_wconf 86' lang='lat' dir='ltr'><strong>latera.</strong></span> <span class='ocrx_word' id='word_1_45' title='bbox 1048 1298 1193 1360; x_wconf 76' lang='lat' dir='ltr'><strong>Altitudo</strong></span> <span class='ocrx_word' id='word_1_46' title='bbox 1209 1303 1382 1360; x_wconf 81' lang='lat' dir='ltr'><strong>attanstro</strong></span> 
     </span>
     <span class='ocr_line' id='line_1_7' title="bbox 234 1398 1379 1479; baseline -0.001 -19"><span class='ocrx_word' id='word_1_47' title='bbox 234 1400 272 1460; x_wconf 84' lang='lat' dir='ltr'><strong>ad</strong></span> <span class='ocrx_word' id='word_1_48' title='bbox 289 1401 395 1479; x_wconf 89' lang='lat' dir='ltr'><strong>ipsum</strong></span> <span class='ocrx_word' id='word_1_49' title='bbox 413 1400 550 1460; x_wconf 90' lang='lat' dir='ltr'><strong>fundum</strong></span> <span class='ocrx_word' id='word_1_50' title='bbox 581 1401 715 1461; x_wconf 87' lang='lat' dir='ltr'><strong>cortinae</strong></span> <span class='ocrx_word' id='word_1_51' title='bbox 740 1404 791 1460; x_wconf 92' lang='lat' dir='ltr'><strong>est</strong></span> <span class='ocrx_word' id='word_1_52' title='bbox 817 1415 832 1476; x_wconf 82' lang='lat'>3</span> <span class='ocrx_word' id='word_1_53' title='bbox 860 1400 899 1459; x_wconf 89' lang='lat' dir='ltr'><strong>ad</strong></span> <span class='ocrx_word' id='word_1_54' title='bbox 929 1398 966 1476; x_wconf 48' lang='grc' dir='ltr'><em>ἦ</em></span> <span class='ocrx_word' id='word_1_55' title='bbox 992 1399 1126 1478; x_wconf 91' lang='lat' dir='ltr'><strong>pedum;</strong></span> <span class='ocrx_word' id='word_1_56' title='bbox 1156 1417 1253 1478; x_wconf 92' lang='lat' dir='ltr'><strong>super</strong></span> <span class='ocrx_word' id='word_1_57' title='bbox 1275 1399 1379 1477; x_wconf 90' lang='lat' dir='ltr'><strong>ipsum</strong></span> 
     </span>
     <span class='ocr_line' id='line_1_8' title="bbox 233 1499 1384 1580; baseline -0.001 -18"><span class='ocrx_word' id='word_1_58' title='bbox 233 1507 411 1562; x_wconf 83' lang='lat' dir='ltr'><strong>transtrum</strong></span> <span class='ocrx_word' id='word_1_59' title='bbox 430 1505 631 1580; x_wconf 89' lang='lat' dir='ltr'><strong>reponuntur</strong></span> <span class='ocrx_word' id='word_1_60' title='bbox 649 1501 746 1578; x_wconf 86' lang='lat' dir='ltr'><strong>ligna,</strong></span> <span class='ocrx_word' id='word_1_61' title='bbox 758 1499 882 1560; x_wconf 88' lang='lat' dir='ltr'><strong>scilicet</strong></span> <span class='ocrx_word' id='word_1_62' title='bbox 899 1505 988 1560; x_wconf 89' lang='lat' dir='ltr'><strong>uteo</strong></span> <span class='ocrx_word' id='word_1_63' title='bbox 1005 1500 1121 1560; x_wconf 89' lang='lat' dir='ltr'><strong>melius</strong></span> <span class='ocrx_word' id='word_1_64' title='bbox 1136 1501 1270 1561; x_wconf 85' lang='lat' dir='ltr'><strong>accendi</strong></span> <span class='ocrx_word' id='word_1_65' title='bbox 1281 1500 1384 1578; x_wconf 89' lang='lat' dir='ltr'><strong>possit</strong></span> 
     </span>
     <span class='ocr_line' id='line_1_9' title="bbox 234 1599 1381 1680; baseline 0 -18"><span class='ocrx_word' id='word_1_66' title='bbox 234 1602 327 1680; x_wconf 78' lang='lat' dir='ltr'><strong>ignis</strong></span> <span class='ocrx_word' id='word_1_67' title='bbox 373 1602 481 1663; x_wconf 86' lang='lat' dir='ltr'><strong>lanua</strong></span> <span class='ocrx_word' id='word_1_68' title='bbox 498 1602 615 1661; x_wconf 88' lang='lat' dir='ltr'><strong>camini</strong></span> <span class='ocrx_word' id='word_1_69' title='bbox 633 1607 684 1662; x_wconf 90' lang='lat' dir='ltr'><strong>est</strong></span> <span class='ocrx_word' id='word_1_70' title='bbox 700 1601 826 1661; x_wconf 90' lang='lat' dir='ltr'><strong>circiter</strong></span> <span class='ocrx_word' id='word_1_71' title='bbox 845 1617 859 1678; x_wconf 87' lang='lat'><em>3</em></span> <span class='ocrx_word' id='word_1_72' title='bbox 883 1601 1000 1679; x_wconf 91' lang='lat' dir='ltr'><strong>pedum</strong></span> <span class='ocrx_word' id='word_1_73' title='bbox 1024 1601 1054 1660; x_wconf 91' lang='lat' dir='ltr'><strong>in</strong></span> <span class='ocrx_word' id='word_1_74' title='bbox 1082 1599 1186 1661; x_wconf 86' lang='lat' dir='ltr'><strong>forma</strong></span> <span class='ocrx_word' id='word_1_75' title='bbox 1208 1602 1381 1679; x_wconf 87' lang='lat' dir='ltr'><strong>quadrata;</strong></span> 
     </span>
     <span class='ocr_line' id='line_1_10' title="bbox 235 1700 1384 1782; baseline 0.001 -20"><span class='ocrx_word' id='word_1_76' title='bbox 235 1720 317 1780; x_wconf 84' lang='lat' dir='ltr'><strong>aque</strong></span> <span class='ocrx_word' id='word_1_77' title='bbox 334 1708 426 1782; x_wconf 90' lang='lat' dir='ltr'><strong>parte</strong></span> <span class='ocrx_word' id='word_1_78' title='bbox 443 1703 605 1763; x_wconf 90' lang='lat' dir='ltr'><strong>anteriore</strong></span> <span class='ocrx_word' id='word_1_79' title='bbox 629 1702 776 1762; x_wconf 89' lang='lat' dir='ltr'><strong>ascendit</strong></span> <span class='ocrx_word' id='word_1_80' title='bbox 798 1700 909 1760; x_wconf 91' lang='lat' dir='ltr'><strong>fumus</strong></span> <span class='ocrx_word' id='word_1_81' title='bbox 936 1718 992 1779; x_wconf 92' lang='lat' dir='ltr'><strong>per</strong></span> <span class='ocrx_word' id='word_1_82' title='bbox 1014 1700 1179 1762; x_wconf 80' lang='lat' dir='ltr'><strong>fornacem</strong></span> <span class='ocrx_word' id='word_1_83' title='bbox 1197 1704 1283 1764; x_wconf 89' lang='lat' dir='ltr'><strong>bene</strong></span> <span class='ocrx_word' id='word_1_84' title='bbox 1308 1719 1384 1763; x_wconf 93' lang='lat' dir='ltr'><strong>con·</strong></span> 
     </span>
     <span class='ocr_line' id='line_1_11' title="bbox 234 1801 1383 1880; baseline -0.001 -17"><span class='ocrx_word' id='word_1_85' title='bbox 234 1808 559 1880; x_wconf 82' lang='lat' dir='ltr'><strong>structum3suntque</strong></span> <span class='ocrx_word' id='word_1_86' title='bbox 576 1803 625 1862; x_wconf 86' lang='lat' dir='ltr'><strong>hic</strong></span> <span class='ocrx_word' id='word_1_87' title='bbox 643 1802 950 1877; x_wconf 84' lang='lat' dir='ltr'><strong>cortinaenumero4</strong></span> <span class='ocrx_word' id='word_1_88' title='bbox 967 1802 997 1861; x_wconf 91' lang='lat' dir='ltr'><strong>in</strong></span> <span class='ocrx_word' id='word_1_89' title='bbox 1012 1819 1076 1862; x_wconf 89' lang='lat' dir='ltr'><strong>una</strong></span> <span class='ocrx_word' id='word_1_90' title='bbox 1093 1802 1198 1864; x_wconf 93' lang='lat' dir='ltr'><strong>domo.</strong></span> <span class='ocrx_word' id='word_1_91' title='bbox 1246 1801 1383 1864; x_wconf 89' lang='lat' dir='ltr'><strong>Cortina</strong></span> 
     </span>
     <span class='ocr_line' id='line_1_12' title="bbox 236 1902 1383 1982; baseline 0.001 -19"><span class='ocrx_word' id='word_1_92' title='bbox 236 1905 378 1982; x_wconf 90' lang='lat' dir='ltr'><strong>repletur</strong></span> <span class='ocrx_word' id='word_1_93' title='bbox 395 1903 505 1964; x_wconf 89' lang='lat' dir='ltr'><strong>lixivio</strong></span> <span class='ocrx_word' id='word_1_94' title='bbox 521 1920 625 1980; x_wconf 90' lang='lat' dir='ltr'><strong>usque</strong></span> <span class='ocrx_word' id='word_1_95' title='bbox 642 1903 680 1962; x_wconf 92' lang='lat' dir='ltr'><strong>ad</strong></span> <span class='ocrx_word' id='word_1_96' title='bbox 697 1902 933 1977; x_wconf 87' lang='lat' dir='ltr'><strong>summitatem,</strong></span> <span class='ocrx_word' id='word_1_97' title='bbox 956 1903 1037 1962; x_wconf 89' lang='lat' dir='ltr'><strong>adeo</strong></span> <span class='ocrx_word' id='word_1_98' title='bbox 1055 1907 1090 1962; x_wconf 90' lang='lat' dir='ltr'><strong>ut</strong></span> <span class='ocrx_word' id='word_1_99' title='bbox 1107 1903 1271 1963; x_wconf 92' lang='lat' dir='ltr'><strong>residuum</strong></span> <span class='ocrx_word' id='word_1_100' title='bbox 1290 1903 1383 1964; x_wconf 93' lang='lat' dir='ltr'><strong>modo</strong></span> 
     </span>
     <span class='ocr_line' id='line_1_13' title="bbox 236 2003 1382 2082; baseline -0.001 -17"><span class='ocrx_word' id='word_1_101' title='bbox 236 2005 276 2065; x_wconf 91' lang='lat' dir='ltr'><strong>sit</strong></span> <span class='ocrx_word' id='word_1_102' title='bbox 292 2005 433 2082; x_wconf 92' lang='lat' dir='ltr'><strong>spatium</strong></span> <span class='ocrx_word' id='word_1_103' title='bbox 455 2003 491 2077; x_wconf 54' lang='lat' dir='ltr'><strong>rt</strong></span> <span class='ocrx_word' id='word_1_104' title='bbox 507 2004 609 2080; x_wconf 89' lang='lat' dir='ltr'><strong>digiti;</strong></span> <span class='ocrx_word' id='word_1_105' title='bbox 633 2008 666 2063; x_wconf 90' lang='lat' dir='ltr'><strong>et</strong></span> <span class='ocrx_word' id='word_1_106' title='bbox 693 2004 888 2081; x_wconf 89' lang='lat' dir='ltr'><strong>supponitur</strong></span> <span class='ocrx_word' id='word_1_107' title='bbox 915 2003 998 2081; x_wconf 91' lang='lat' dir='ltr'><strong>ignis</strong></span> <span class='ocrx_word' id='word_1_108' title='bbox 1025 2003 1196 2064; x_wconf 88' lang='lat' dir='ltr'><strong>mediocris</strong></span> <span class='ocrx_word' id='word_1_109' title='bbox 1220 2004 1265 2064; x_wconf 89' lang='lat' dir='ltr'><strong>ita</strong></span> <span class='ocrx_word' id='word_1_110' title='bbox 1292 2009 1327 2064; x_wconf 92' lang='lat' dir='ltr'><strong>ut</strong></span> <span class='ocrx_word' id='word_1_111' title='bbox 1342 2004 1382 2064; x_wconf 88' lang='lat' dir='ltr'><strong>ad</strong></span> 
     </span>
     <span class='ocr_line' id='line_1_14' title="bbox 235 2103 1385 2182; baseline 0 -17"><span class='ocrx_word' id='word_1_112' title='bbox 235 2106 416 2165; x_wconf 87' lang='lat' dir='ltr'><strong>coctionem</strong></span> <span class='ocrx_word' id='word_1_113' title='bbox 445 2105 607 2182; x_wconf 84' lang='lat' dir='ltr'><strong>redigatur</strong></span> <span class='ocrx_word' id='word_1_114' title='bbox 633 2106 776 2180; x_wconf 79' lang='lat' dir='ltr'><strong>salsugo</strong></span> <span class='ocrx_word' id='word_1_115' title='bbox 824 2103 941 2164; x_wconf 87' lang='lat' dir='ltr'><strong>Coctio</strong></span> <span class='ocrx_word' id='word_1_116' title='bbox 965 2103 1093 2164; x_wconf 85' lang='lat' dir='ltr'><strong>modica</strong></span> <span class='ocrx_word' id='word_1_117' title='bbox 1115 2121 1177 2164; x_wconf 93' lang='lat' dir='ltr'><strong>non</strong></span> <span class='ocrx_word' id='word_1_118' title='bbox 1202 2105 1385 2165; x_wconf 87' lang='lat' dir='ltr'><strong>vehemens</strong></span> 
     </span>
     <span class='ocr_line' id='line_1_15' title="bbox 236 2204 1384 2282; baseline 0.001 -18"><span class='ocrx_word' id='word_1_119' title='bbox 236 2205 436 2266; x_wconf 88' lang='lat' dir='ltr'><strong>instituenda</strong></span> <span class='ocrx_word' id='word_1_120' title='bbox 453 2211 515 2279; x_wconf 91' lang='lat' dir='ltr'><strong>est,</strong></span> <span class='ocrx_word' id='word_1_121' title='bbox 534 2205 651 2282; x_wconf 86' lang='lat' dir='ltr'><strong>aequali</strong></span> <span class='ocrx_word' id='word_1_122' title='bbox 668 2204 737 2264; x_wconf 89' lang='lat' dir='ltr'><strong>fere</strong></span> <span class='ocrx_word' id='word_1_123' title='bbox 754 2205 869 2264; x_wconf 87' lang='lat' dir='ltr'><strong>caloris</strong></span> <span class='ocrx_word' id='word_1_124' title='bbox 885 2204 986 2282; x_wconf 89' lang='lat' dir='ltr'><strong>gradu</strong></span> <span class='ocrx_word' id='word_1_125' title='bbox 1004 2204 1034 2264; x_wconf 89' lang='lat' dir='ltr'><strong>in</strong></span> <span class='ocrx_word' id='word_1_126' title='bbox 1062 2204 1216 2282; x_wconf 88' lang='lat' dir='ltr'><strong>principio</strong></span> <span class='ocrx_word' id='word_1_127' title='bbox 1241 2209 1274 2265; x_wconf 89' lang='lat' dir='ltr'><strong>et</strong></span> <span class='ocrx_word' id='word_1_128' title='bbox 1301 2205 1384 2265; x_wconf 90' lang='lat' dir='ltr'><strong>circa</strong></span> 
     </span>
     <span class='ocr_line' id='line_1_16' title="bbox 237 2304 1382 2384; baseline -0.001 -18"><span class='ocrx_word' id='word_1_129' title='bbox 237 2304 350 2381; x_wconf 88' lang='lat' dir='ltr'><strong>finem;</strong></span> <span class='ocrx_word' id='word_1_130' title='bbox 375 2306 435 2366; x_wconf 90' lang='lat' dir='ltr'><strong>nisi</strong></span> <span class='ocrx_word' id='word_1_131' title='bbox 457 2306 543 2365; x_wconf 89' lang='lat' dir='ltr'><strong>enim</strong></span> <span class='ocrx_word' id='word_1_132' title='bbox 569 2306 600 2365; x_wconf 93' lang='lat' dir='ltr'><strong>in</strong></span> <span class='ocrx_word' id='word_1_133' title='bbox 629 2306 746 2382; x_wconf 86' lang='lat' dir='ltr'><strong>aeqnali</strong></span> <span class='ocrx_word' id='word_1_134' title='bbox 771 2306 879 2365; x_wconf 89' lang='lat' dir='ltr'><strong>calore</strong></span> <span class='ocrx_word' id='word_1_135' title='bbox 902 2309 1056 2365; x_wconf 89' lang='lat' dir='ltr'><strong>teneatur</strong></span> <span class='ocrx_word' id='word_1_136' title='bbox 1081 2323 1210 2384; x_wconf 88' lang='lat' dir='ltr'><strong>semper</strong></span> <span class='ocrx_word' id='word_1_137' title='bbox 1239 2306 1382 2365; x_wconf 85' lang='lat' dir='ltr'><strong>lixivium</strong></span> 
     </span>
     <span class='ocr_line' id='line_1_17' title="bbox 238 2404 1384 2485; baseline 0 -19"><span class='ocrx_word' id='word_1_138' title='bbox 238 2406 413 2484; x_wconf 83' lang='lat' dir='ltr'><strong>frigescere</strong></span> <span class='ocrx_word' id='word_1_139' title='bbox 429 2407 548 2484; x_wconf 90' lang='lat' dir='ltr'><strong>poterit</strong></span> <span class='ocrx_word' id='word_1_140' title='bbox 563 2411 673 2466; x_wconf 91' lang='lat' dir='ltr'><strong>crusta</strong></span> <span class='ocrx_word' id='word_1_141' title='bbox 686 2421 760 2482; x_wconf 90' lang='lat' dir='ltr'><strong>quae</strong></span> <span class='ocrx_word' id='word_1_142' title='bbox 776 2404 915 2483; x_wconf 85' lang='lat' dir='ltr'><strong>affigitur</strong></span> <span class='ocrx_word' id='word_1_143' title='bbox 931 2404 1045 2480; x_wconf 88' lang='lat' dir='ltr'><strong>fundo,</strong></span> <span class='ocrx_word' id='word_1_144' title='bbox 1072 2411 1149 2466; x_wconf 92' lang='lat' dir='ltr'><strong>tunc</strong></span> <span class='ocrx_word' id='word_1_145' title='bbox 1167 2406 1252 2466; x_wconf 90' lang='lat' dir='ltr'><strong>enim</strong></span> <span class='ocrx_word' id='word_1_146' title='bbox 1272 2406 1384 2485; x_wconf 75' lang='lat' dir='ltr'><strong>maiori</strong></span> 
     </span>
     <span class='ocr_line' id='line_1_18' title="bbox 238 2505 1387 2586; baseline 0.001 -20"><span class='ocrx_word' id='word_1_147' title='bbox 238 2508 310 2585; x_wconf 86' lang='lat' dir='ltr'><strong>igne</strong></span> <span class='ocrx_word' id='word_1_148' title='bbox 327 2524 408 2586; x_wconf 90' lang='lat' dir='ltr'><strong>opus</strong></span> <span class='ocrx_word' id='word_1_149' title='bbox 424 2512 526 2581; x_wconf 89' lang='lat' dir='ltr'><strong>esset,</strong></span> <span class='ocrx_word' id='word_1_150' title='bbox 546 2511 580 2566; x_wconf 93' lang='lat' dir='ltr'><strong>ut</strong></span> <span class='ocrx_word' id='word_1_151' title='bbox 597 2512 706 2566; x_wconf 90' lang='lat' dir='ltr'><strong>crusta</strong></span> <span class='ocrx_word' id='word_1_152' title='bbox 724 2507 775 2566; x_wconf 87' lang='lat' dir='ltr'><strong>illa</strong></span> <span class='ocrx_word' id='word_1_153' title='bbox 793 2507 900 2566; x_wconf 94' lang='lat' dir='ltr'><strong>denuo</strong></span> <span class='ocrx_word' id='word_1_154' title='bbox 917 2505 1140 2567; x_wconf 87' lang='lat' dir='ltr'><strong>calefacienda</strong></span> <span class='ocrx_word' id='word_1_155' title='bbox 1156 2507 1209 2567; x_wconf 90' lang='lat' dir='ltr'><strong>sit.</strong></span> <span class='ocrx_word' id='word_1_156' title='bbox 1258 2506 1387 2568; x_wconf 86' lang='lat' dir='ltr'><strong>Perstat</strong></span> 
     </span>
     <span class='ocr_line' id='line_1_19' title="bbox 239 2607 1386 2686; baseline 0 -18"><span class='ocrx_word' id='word_1_157' title='bbox 239 2609 340 2670; x_wconf 88' lang='lat' dir='ltr'><strong>coctio</strong></span> <span class='ocrx_word' id='word_1_158' title='bbox 368 2607 473 2686; x_wconf 88' lang='lat' dir='ltr'><strong>spatio</strong></span> <span class='ocrx_word' id='word_1_159' title='bbox 501 2622 540 2682; x_wconf 84' lang='lat'><strong>24</strong></span> <span class='ocrx_word' id='word_1_160' title='bbox 562 2608 727 2682; x_wconf 85' lang='lat' dir='ltr'><strong>horarum,</strong></span> <span class='ocrx_word' id='word_1_161' title='bbox 752 2613 785 2667; x_wconf 91' lang='lat' dir='ltr'><strong>et</strong></span> <span class='ocrx_word' id='word_1_162' title='bbox 802 2607 963 2667; x_wconf 91' lang='lat' dir='ltr'><strong>interdum</strong></span> <span class='ocrx_word' id='word_1_163' title='bbox 983 2621 1022 2684; x_wconf 82' lang='lat'><strong>30</strong></span> <span class='ocrx_word' id='word_1_164' title='bbox 1038 2612 1072 2667; x_wconf 88' lang='lat' dir='ltr'><strong>et</strong></span> <span class='ocrx_word' id='word_1_165' title='bbox 1087 2609 1138 2683; x_wconf 85' lang='lat'><strong>48,</strong></span> <span class='ocrx_word' id='word_1_166' title='bbox 1158 2612 1190 2667; x_wconf 90' lang='lat' dir='ltr'><strong>et</strong></span> <span class='ocrx_word' id='word_1_167' title='bbox 1207 2609 1329 2668; x_wconf 85' lang='lat' dir='ltr'><strong>sensim</strong></span> <span class='ocrx_word' id='word_1_168' title='bbox 1347 2608 1386 2668; x_wconf 88' lang='lat' dir='ltr'><strong>ad</strong></span> 
     </span>
    </p>
   </div>
   <div class='ocr_carea' id='block_1_3' title="bbox 239 2708 1476 2787">
    <p class='ocr_par' dir='ltr' id='par_1_3' title="bbox 239 2708 1476 2787">
     <span class='ocr_line' id='line_1_20' title="bbox 239 2708 1476 2787; baseline 0 -19"><span class='ocrx_word' id='word_1_169' title='bbox 239 2708 375 2769; x_wconf 90' lang='lat' dir='ltr'><strong>fundum</strong></span> <span class='ocrx_word' id='word_1_170' title='bbox 393 2726 428 2769; x_wconf 92' lang='lat' dir='ltr'><strong>se</strong></span> <span class='ocrx_word' id='word_1_171' title='bbox 445 2709 627 2787; x_wconf 82' lang='lat' dir='ltr'><strong>praecipitat</strong></span> <span class='ocrx_word' id='word_1_172' title='bbox 644 2709 705 2784; x_wconf 91' lang='lat' dir='ltr'><strong>sal;</strong></span> <span class='ocrx_word' id='word_1_173' title='bbox 723 2713 755 2767; x_wconf 92' lang='lat' dir='ltr'><strong>et</strong></span> <span class='ocrx_word' id='word_1_174' title='bbox 771 2708 980 2769; x_wconf 88' lang='lat' dir='ltr'><strong>continuatur</strong></span> <span class='ocrx_word' id='word_1_175' title='bbox 997 2708 1159 2768; x_wconf 85' lang='lat' dir='ltr'><strong>interdum</strong></span> <span class='ocrx_word' id='word_1_176' title='bbox 1177 2710 1280 2770; x_wconf 88' lang='lat' dir='ltr'><strong>coctio</strong></span> <span class='ocrx_word' id='word_1_177' title='bbox 1297 2710 1387 2770; x_wconf 90' lang='lat' dir='ltr'><strong>lenta</strong></span> <span class='ocrx_word' id='word_1_178' title='bbox 1472 2715 1476 2724; x_wconf 88' lang='lat'>&#39;</span> 
     </span>
    </p>
   </div>
   <div class='ocr_carea' id='block_1_4' title="bbox 240 2809 1394 4580">
    <p class='ocr_par' dir='ltr' id='par_1_4' title="bbox 240 2809 1391 3188">
     <span class='ocr_line' id='line_1_21' title="bbox 240 2809 1391 2885; baseline 0 -15"><span class='ocrx_word' id='word_1_179' title='bbox 240 2816 271 2870; x_wconf 90' lang='lat' dir='ltr'><strong>et</strong></span> <span class='ocrx_word' id='word_1_180' title='bbox 288 2809 425 2883; x_wconf 90' lang='lat' dir='ltr'><strong>modica,</strong></span> <span class='ocrx_word' id='word_1_181' title='bbox 443 2809 518 2868; x_wconf 92' lang='lat' dir='ltr'><strong>dum</strong></span> <span class='ocrx_word' id='word_1_182' title='bbox 535 2809 742 2868; x_wconf 84' lang='lat' dir='ltr'><strong>exhalaverit</strong></span> <span class='ocrx_word' id='word_1_183' title='bbox 759 2809 864 2868; x_wconf 90' lang='lat' dir='ltr'><strong>omnis</strong></span> <span class='ocrx_word' id='word_1_184' title='bbox 880 2825 978 2885; x_wconf 89' lang='lat' dir='ltr'><strong>aqua.</strong></span> <span class='ocrx_word' id='word_1_185' title='bbox 1026 2809 1183 2869; x_wconf 82' lang='lat' dir='ltr'><strong>Eximltur</strong></span> <span class='ocrx_word' id='word_1_186' title='bbox 1199 2809 1273 2870; x_wconf 91' lang='lat' dir='ltr'><strong>dein</strong></span> <span class='ocrx_word' id='word_1_187' title='bbox 1291 2811 1339 2870; x_wconf 88' lang='lat' dir='ltr'><strong>sal</strong></span> <span class='ocrx_word' id='word_1_188' title='bbox 1356 2814 1391 2870; x_wconf 93' lang='lat' dir='ltr'><strong>et</strong></span> 
     </span>
     <span class='ocr_line' id='line_1_22' title="bbox 240 2908 1388 2985; baseline 0.001 -15"><span class='ocrx_word' id='word_1_189' title='bbox 240 2910 269 2969; x_wconf 94' lang='lat' dir='ltr'><strong>in</strong></span> <span class='ocrx_word' id='word_1_190' title='bbox 287 2910 402 2970; x_wconf 91' lang='lat' dir='ltr'><strong>corbes</strong></span> <span class='ocrx_word' id='word_1_191' title='bbox 418 2908 574 2983; x_wconf 82' lang='lat' dir='ltr'><strong>defertur,</strong></span> <span class='ocrx_word' id='word_1_192' title='bbox 593 2908 759 2968; x_wconf 89' lang='lat' dir='ltr'><strong>defluente</strong></span> <span class='ocrx_word' id='word_1_193' title='bbox 776 2909 851 2968; x_wconf 89' lang='lat' dir='ltr'><strong>inde</strong></span> <span class='ocrx_word' id='word_1_194' title='bbox 868 2909 989 2970; x_wconf 87' lang='lat' dir='ltr'><strong>lixivio.</strong></span> <span class='ocrx_word' id='word_1_195' title='bbox 1037 2909 1296 2970; x_wconf 91' lang='lat' dir='ltr'><strong>Observandum</strong></span> <span class='ocrx_word' id='word_1_196' title='bbox 1324 2915 1388 2985; x_wconf 91' lang='lat' dir='ltr'><strong>est,</strong></span> 
     </span>
     <span class='ocr_line' id='line_1_23' title="bbox 240 3009 1388 3088; baseline 0 -17"><span class='ocrx_word' id='word_1_197' title='bbox 240 3010 323 3087; x_wconf 86' lang='lat' dir='ltr'><strong>quod</strong></span> <span class='ocrx_word' id='word_1_198' title='bbox 341 3011 443 3088; x_wconf 89' lang='lat' dir='ltr'><strong>major</strong></span> <span class='ocrx_word' id='word_1_199' title='bbox 459 3009 549 3088; x_wconf 89' lang='lat' dir='ltr'><strong>copia</strong></span> <span class='ocrx_word' id='word_1_200' title='bbox 567 3026 661 3086; x_wconf 86' lang='lat' dir='ltr'><strong>aquae</strong></span> <span class='ocrx_word' id='word_1_201' title='bbox 672 3009 746 3069; x_wconf 92' lang='lat' dir='ltr'><strong>inde</strong></span> <span class='ocrx_word' id='word_1_202' title='bbox 759 3009 894 3084; x_wconf 86' lang='lat' dir='ltr'><strong>defluat,</strong></span> <span class='ocrx_word' id='word_1_203' title='bbox 918 3010 944 3069; x_wconf 92' lang='lat' dir='ltr'><strong>si</strong></span> <span class='ocrx_word' id='word_1_204' title='bbox 957 3012 1004 3070; x_wconf 89' lang='lat' dir='ltr'><strong>sal</strong></span> <span class='ocrx_word' id='word_1_205' title='bbox 1020 3011 1166 3071; x_wconf 87' lang='lat' dir='ltr'><strong>minutim</strong></span> <span class='ocrx_word' id='word_1_206' title='bbox 1180 3012 1388 3088; x_wconf 89' lang='lat' dir='ltr'><strong>granulatum</strong></span> 
     </span>
     <span class='ocr_line' id='line_1_24' title="bbox 240 3097 1044 3188; baseline -0.001 -18"><span class='ocrx_word' id='word_1_207' title='bbox 240 3111 393 3188; x_wconf 88' lang='lat' dir='ltr'><strong>sitquam</strong></span> <span class='ocrx_word' id='word_1_208' title='bbox 412 3110 439 3169; x_wconf 87' lang='lat' dir='ltr'><strong>si</strong></span> <span class='ocrx_word' id='word_1_209' title='bbox 455 3109 694 3186; x_wconf 88' lang='lat' dir='ltr'><strong>grandiuscule.</strong></span> <span class='ocrx_word' id='word_1_210' title='bbox 905 3169 909 3188; x_wconf 48' lang='grc'>,</span> <span class='ocrx_word' id='word_1_211' title='bbox 1038 3097 1044 3107; x_wconf 73' lang='grc'><strong>’</strong></span> 
     </span>
    </p>

    <p class='ocr_par' dir='ltr' id='par_1_5' title="bbox 240 3210 1391 3490">
     <span class='ocr_line' id='line_1_25' title="bbox 283 3210 1391 3287; baseline 0.003 -17"><span class='ocrx_word' id='word_1_212' title='bbox 283 3211 327 3270; x_wconf 82' lang='lat' dir='ltr'><strong>Ex</strong></span> <span class='ocrx_word' id='word_1_213' title='bbox 344 3210 491 3271; x_wconf 89' lang='lat' dir='ltr'><strong>coctione</strong></span> <span class='ocrx_word' id='word_1_214' title='bbox 508 3210 539 3269; x_wconf 91' lang='lat' dir='ltr'><strong>in</strong></span> <span class='ocrx_word' id='word_1_215' title='bbox 556 3211 674 3286; x_wconf 87' lang='lat' dir='ltr'><strong>quavis</strong></span> <span class='ocrx_word' id='word_1_216' title='bbox 690 3211 814 3270; x_wconf 90' lang='lat' dir='ltr'><strong>cortina</strong></span> <span class='ocrx_word' id='word_1_217' title='bbox 832 3212 1021 3272; x_wconf 87' lang='lat' dir='ltr'><strong>obtinentur</strong></span> <span class='ocrx_word' id='word_1_218' title='bbox 1037 3227 1056 3286; x_wconf 88' lang='grc'>4</span> <span class='ocrx_word' id='word_1_219' title='bbox 1072 3211 1111 3271; x_wconf 92' lang='lat' dir='ltr'><strong>ad</strong></span> <span class='ocrx_word' id='word_1_220' title='bbox 1136 3211 1176 3287; x_wconf 52' lang='lat'><strong>43</strong></span> <span class='ocrx_word' id='word_1_221' title='bbox 1202 3216 1314 3273; x_wconf 88' lang='lat' dir='ltr'><strong>tonnae</strong></span> <span class='ocrx_word' id='word_1_222' title='bbox 1339 3230 1391 3273; x_wconf 90' lang='lat' dir='ltr'><strong>sa·</strong></span> 
     </span>
     <span class='ocr_line' id='line_1_26' title="bbox 241 3310 1390 3394; baseline 0.002 -22"><span class='ocrx_word' id='word_1_223' title='bbox 241 3313 289 3384; x_wconf 88' lang='lat' dir='ltr'><strong>lis,</strong></span> <span class='ocrx_word' id='word_1_224' title='bbox 308 3317 341 3372; x_wconf 91' lang='lat' dir='ltr'><strong>et</strong></span> <span class='ocrx_word' id='word_1_225' title='bbox 357 3310 560 3371; x_wconf 89' lang='lat' dir='ltr'><strong>consumitur</strong></span> <span class='ocrx_word' id='word_1_226' title='bbox 578 3328 642 3369; x_wconf 93' lang='lat' dir='ltr'><strong>una</strong></span> <span class='ocrx_word' id='word_1_227' title='bbox 660 3328 815 3370; x_wconf 89' lang='lat' dir='ltr'><strong>mensura</strong></span> <span class='ocrx_word' id='word_1_228' title='bbox 833 3313 1070 3390; x_wconf 86' lang='lat' dir='ltr'><strong>sesquipedalis</strong></span> <span class='ocrx_word' id='word_1_229' title='bbox 1087 3313 1174 3390; x_wconf 86' lang='lat' dir='ltr'><strong>ligni,</strong></span> <span class='ocrx_word' id='word_1_230' title='bbox 1194 3314 1291 3391; x_wconf 87' lang='lat' dir='ltr'><strong>vulgo</strong></span> <span class='ocrx_word' id='word_1_231' title='bbox 1313 3311 1390 3394; x_wconf 84' lang='lat' dir='ltr'><strong>staf-</strong></span> 
     </span>
     <span class='ocr_line' id='line_1_27' title="bbox 240 3412 501 3490; baseline -0.008 -17"><span class='ocrx_word' id='word_1_232' title='bbox 240 3429 308 3473; x_wconf 85' lang='lat' dir='ltr'><strong>rum</strong></span> <span class='ocrx_word' id='word_1_233' title='bbox 324 3412 501 3490; x_wconf 86' lang='lat' dir='ltr'><strong>appellata.</strong></span> 
     </span>
    </p>

    <p class='ocr_par' dir='ltr' id='par_1_6' title="bbox 241 3511 1392 3992">
     <span class='ocr_line' id='line_1_28' title="bbox 282 3511 1391 3590; baseline 0.001 -18"><span class='ocrx_word' id='word_1_234' title='bbox 282 3512 383 3573; x_wconf 86' lang='lat' dir='ltr'><strong>luxta</strong></span> <span class='ocrx_word' id='word_1_235' title='bbox 399 3511 529 3571; x_wconf 91' lang='lat' dir='ltr'><strong>domum</strong></span> <span class='ocrx_word' id='word_1_236' title='bbox 547 3513 631 3571; x_wconf 89' lang='lat' dir='ltr'><strong>banc</strong></span> <span class='ocrx_word' id='word_1_237' title='bbox 649 3513 908 3589; x_wconf 90' lang='lat' dir='ltr'><strong>evaporatorlam</strong></span> <span class='ocrx_word' id='word_1_238' title='bbox 926 3517 978 3573; x_wconf 89' lang='lat' dir='ltr'><strong>est</strong></span> <span class='ocrx_word' id='word_1_239' title='bbox 993 3529 1070 3573; x_wconf 90' lang='lat' dir='ltr'><strong>casa</strong></span> <span class='ocrx_word' id='word_1_240' title='bbox 1090 3514 1240 3590; x_wconf 87' lang='lat' dir='ltr'><strong>quaedam</strong></span> <span class='ocrx_word' id='word_1_241' title='bbox 1268 3514 1300 3574; x_wconf 91' lang='lat' dir='ltr'><strong>in</strong></span> <span class='ocrx_word' id='word_1_242' title='bbox 1326 3530 1391 3590; x_wconf 89' lang='lat' dir='ltr'><strong>qua</strong></span> 
     </span>
     <span class='ocr_line' id='line_1_29' title="bbox 242 3611 1391 3675; baseline 0.002 -2"><span class='ocrx_word' id='word_1_243' title='bbox 242 3613 429 3673; x_wconf 90' lang='lat' dir='ltr'><strong>siccandum</strong></span> <span class='ocrx_word' id='word_1_244' title='bbox 448 3617 499 3671; x_wconf 89' lang='lat' dir='ltr'><strong>est</strong></span> <span class='ocrx_word' id='word_1_245' title='bbox 515 3613 575 3672; x_wconf 89' lang='lat' dir='ltr'><strong>sal.</strong></span> <span class='ocrx_word' id='word_1_246' title='bbox 622 3611 684 3671; x_wconf 85' lang='lat' dir='ltr'><strong>Per</strong></span> <span class='ocrx_word' id='word_1_247' title='bbox 700 3613 834 3673; x_wconf 87' lang='lat' dir='ltr'><strong>canales</strong></span> <span class='ocrx_word' id='word_1_248' title='bbox 850 3612 974 3673; x_wconf 90' lang='lat' dir='ltr'><strong>ferreos</strong></span> <span class='ocrx_word' id='word_1_249' title='bbox 991 3613 1064 3673; x_wconf 93' lang='lat' dir='ltr'><strong>illuc</strong></span> <span class='ocrx_word' id='word_1_250' title='bbox 1087 3614 1255 3675; x_wconf 88' lang='lat' dir='ltr'><strong>deducitur</strong></span> <span class='ocrx_word' id='word_1_251' title='bbox 1280 3613 1391 3675; x_wconf 91' lang='lat' dir='ltr'><strong>fumus</strong></span> 
     </span>
     <span class='ocr_line' id='line_1_30' title="bbox 241 3711 1392 3794; baseline 0.002 -20"><span class='ocrx_word' id='word_1_252' title='bbox 241 3719 274 3794; x_wconf 73' lang='lat' dir='ltr'><strong>et,</strong></span> <span class='ocrx_word' id='word_1_253' title='bbox 289 3715 388 3787; x_wconf 87' lang='lat' dir='ltr'><strong>calor,</strong></span> <span class='ocrx_word' id='word_1_254' title='bbox 407 3713 540 3772; x_wconf 87' lang='lat' dir='ltr'><strong>canales</strong></span> <span class='ocrx_word' id='word_1_255' title='bbox 557 3712 655 3771; x_wconf 86' lang='lat' dir='ltr'><strong>etiam</strong></span> <span class='ocrx_word' id='word_1_256' title='bbox 673 3711 749 3772; x_wconf 89' lang='lat' dir='ltr'><strong>facti</strong></span> <span class='ocrx_word' id='word_1_257' title='bbox 766 3718 844 3773; x_wconf 87' lang='lat' dir='ltr'><strong>sunt</strong></span> <span class='ocrx_word' id='word_1_258' title='bbox 861 3730 901 3772; x_wconf 84' lang='lat' dir='ltr'><strong>ex</strong></span> <span class='ocrx_word' id='word_1_259' title='bbox 929 3715 1050 3791; x_wconf 89' lang='lat' dir='ltr'><strong>argilla,</strong></span> <span class='ocrx_word' id='word_1_260' title='bbox 1079 3732 1177 3793; x_wconf 89' lang='lat' dir='ltr'><strong>supra</strong></span> <span class='ocrx_word' id='word_1_261' title='bbox 1203 3731 1286 3791; x_wconf 89' lang='lat' dir='ltr'><strong>quos</strong></span> <span class='ocrx_word' id='word_1_262' title='bbox 1311 3716 1392 3776; x_wconf 90' lang='lat' dir='ltr'><strong>relo-</strong></span> 
     </span>
     <span class='ocr_line' id='line_1_31' title="bbox 243 3813 1390 3889; baseline 0.001 -14"><span class='ocrx_word' id='word_1_263' title='bbox 243 3819 356 3875; x_wconf 91' lang='lat' dir='ltr'><strong>cantur</strong></span> <span class='ocrx_word' id='word_1_264' title='bbox 373 3813 489 3873; x_wconf 92' lang='lat' dir='ltr'><strong>corbes</strong></span> <span class='ocrx_word' id='word_1_265' title='bbox 506 3817 538 3872; x_wconf 91' lang='lat' dir='ltr'><strong>et</strong></span> <span class='ocrx_word' id='word_1_266' title='bbox 556 3813 697 3872; x_wconf 91' lang='lat' dir='ltr'><strong>siccatur</strong></span> <span class='ocrx_word' id='word_1_267' title='bbox 715 3814 791 3884; x_wconf 88' lang='lat' dir='ltr'><strong>inibi</strong></span> <span class='ocrx_word' id='word_1_268' title='bbox 809 3814 854 3873; x_wconf 87' lang='lat' dir='ltr'><strong>sal</strong></span> <span class='ocrx_word' id='word_1_269' title='bbox 862 3834 870 3889; x_wconf 92' lang='lat'>;</span> <span class='ocrx_word' id='word_1_270' title='bbox 887 3815 934 3874; x_wconf 92' lang='lat' dir='ltr'><strong>sal</strong></span> <span class='ocrx_word' id='word_1_271' title='bbox 952 3815 1067 3876; x_wconf 88' lang='lat' dir='ltr'><strong>coloris</strong></span> <span class='ocrx_word' id='word_1_272' title='bbox 1084 3819 1136 3876; x_wconf 88' lang='lat' dir='ltr'><strong>est</strong></span> <span class='ocrx_word' id='word_1_273' title='bbox 1157 3816 1221 3875; x_wconf 88' lang='lat' dir='ltr'><strong>albi</strong></span> <span class='ocrx_word' id='word_1_274' title='bbox 1238 3820 1271 3876; x_wconf 89' lang='lat' dir='ltr'><strong>et</strong></span> <span class='ocrx_word' id='word_1_275' title='bbox 1288 3815 1390 3876; x_wconf 89' lang='lat' dir='ltr'><strong>minu·</strong></span> 
     </span>
     <span class='ocr_line' id='line_1_32' title="bbox 242 3913 537 3992; baseline -0.01 -17"><span class='ocrx_word' id='word_1_276' title='bbox 242 3915 297 3975; x_wconf 92' lang='lat' dir='ltr'><strong>tim</strong></span> <span class='ocrx_word' id='word_1_277' title='bbox 315 3913 537 3992; x_wconf 89' lang='lat' dir='ltr'><strong>granulatum.</strong></span> 
     </span>
    </p>

    <p class='ocr_par' dir='ltr' id='par_1_7' title="bbox 244 4014 1394 4580">
     <span class='ocr_line' id='line_1_33' title="bbox 283 4014 1394 4092; baseline 0.001 -16"><span class='ocrx_word' id='word_1_278' title='bbox 283 4016 417 4076; x_wconf 69' lang='lat' dir='ltr'><strong>fundus</strong></span> <span class='ocrx_word' id='word_1_279' title='bbox 433 4014 567 4074; x_wconf 87' lang='lat' dir='ltr'><strong>cortinae</strong></span> <span class='ocrx_word' id='word_1_280' title='bbox 584 4016 652 4075; x_wconf 90' lang='lat' dir='ltr'><strong>sale</strong></span> <span class='ocrx_word' id='word_1_281' title='bbox 670 4014 881 4090; x_wconf 89' lang='lat' dir='ltr'><strong>incrustatur,</strong></span> <span class='ocrx_word' id='word_1_282' title='bbox 908 4021 942 4076; x_wconf 90' lang='lat' dir='ltr'><strong>et</strong></span> <span class='ocrx_word' id='word_1_283' title='bbox 965 4016 1095 4092; x_wconf 88' lang='lat' dir='ltr'><strong>quidem</strong></span> <span class='ocrx_word' id='word_1_284' title='bbox 1119 4017 1203 4076; x_wconf 89' lang='lat' dir='ltr'><strong>inlra</strong></span> <span class='ocrx_word' id='word_1_285' title='bbox 1230 4018 1248 4078; x_wconf 92' lang='lat'>8</span> <span class='ocrx_word' id='word_1_286' title='bbox 1273 4017 1325 4076; x_wconf 91' lang='lat' dir='ltr'><strong>vel</strong></span> <span class='ocrx_word' id='word_1_287' title='bbox 1357 4031 1394 4077; x_wconf 93' lang='lat'><strong>10</strong></span> 
     </span>
     <span class='ocr_line' id='line_1_34' title="bbox 244 4112 1393 4195; baseline 0.001 -18"><span class='ocrx_word' id='word_1_288' title='bbox 244 4117 445 4195; x_wconf 87' lang='lat' dir='ltr'><strong>septimanas</strong></span> <span class='ocrx_word' id='word_1_289' title='bbox 461 4113 501 4173; x_wconf 88' lang='lat' dir='ltr'><strong>ad</strong></span> <span class='ocrx_word' id='word_1_290' title='bbox 517 4112 537 4187; x_wconf 66' lang='lat' dir='ltr'><strong>l</strong></span> <span class='ocrx_word' id='word_1_291' title='bbox 554 4115 646 4192; x_wconf 88' lang='lat' dir='ltr'><strong>pedis</strong></span> <span class='ocrx_word' id='word_1_292' title='bbox 663 4116 859 4191; x_wconf 88' lang='lat' dir='ltr'><strong>crassitiem,</strong></span> <span class='ocrx_word' id='word_1_293' title='bbox 876 4133 950 4193; x_wconf 87' lang='lat' dir='ltr'><strong>quae</strong></span> <span class='ocrx_word' id='word_1_294' title='bbox 968 4122 1077 4177; x_wconf 90' lang='lat' dir='ltr'><strong>crusta</strong></span> <span class='ocrx_word' id='word_1_295' title='bbox 1090 4122 1221 4183; x_wconf 88' lang='lat' dir='ltr'><strong>constat</strong></span> <span class='ocrx_word' id='word_1_296' title='bbox 1234 4134 1313 4195; x_wconf 92' lang='lat' dir='ltr'><strong>puro</strong></span> <span class='ocrx_word' id='word_1_297' title='bbox 1324 4118 1393 4178; x_wconf 88' lang='lat' dir='ltr'><strong>sale</strong></span> 
     </span>
     <span class='ocr_line' id='line_1_35' title="bbox 244 4214 1393 4294; baseline 0.002 -18"><span class='ocrx_word' id='word_1_298' title='bbox 244 4218 293 4277; x_wconf 90' lang='lat' dir='ltr'><strong>cul</strong></span> <span class='ocrx_word' id='word_1_299' title='bbox 309 4214 499 4277; x_wconf 89' lang='lat' dir='ltr'><strong>intermixta</strong></span> <span class='ocrx_word' id='word_1_300' title='bbox 526 4219 578 4275; x_wconf 89' lang='lat' dir='ltr'><strong>est</strong></span> <span class='ocrx_word' id='word_1_301' title='bbox 605 4216 743 4276; x_wconf 88' lang='lat' dir='ltr'><strong>materia</strong></span> <span class='ocrx_word' id='word_1_302' title='bbox 772 4217 945 4294; x_wconf 89' lang='lat' dir='ltr'><strong>nigricans,</strong></span> <span class='ocrx_word' id='word_1_303' title='bbox 973 4235 1013 4276; x_wconf 89' lang='lat' dir='ltr'><strong>ex</strong></span> <span class='ocrx_word' id='word_1_304' title='bbox 1040 4219 1151 4294; x_wconf 89' lang='lat' dir='ltr'><strong>argilla</strong></span> <span class='ocrx_word' id='word_1_305' title='bbox 1178 4218 1237 4277; x_wconf 90' lang='lat' dir='ltr'><strong>sali</strong></span> <span class='ocrx_word' id='word_1_306' title='bbox 1254 4234 1393 4294; x_wconf 88' lang='lat' dir='ltr'><strong>gemmae</strong></span> 
     </span>
     <span class='ocr_line' id='line_1_36' title="bbox 244 4315 1394 4402; baseline 0.002 -25"><span class='ocrx_word' id='word_1_307' title='bbox 244 4317 433 4402; x_wconf 88' lang='lat' dir='ltr'><strong>intermixta</strong></span> <span class='ocrx_word' id='word_1_308' title='bbox 449 4315 598 4392; x_wconf 78' lang='lat' dir='ltr'><strong>oriunda3</strong></span> <span class='ocrx_word' id='word_1_309' title='bbox 626 4317 683 4376; x_wconf 91' lang='lat' dir='ltr'><strong>sed</strong></span> <span class='ocrx_word' id='word_1_310' title='bbox 711 4318 798 4378; x_wconf 87' lang='lat' dir='ltr'><strong>nulla</strong></span> <span class='ocrx_word' id='word_1_311' title='bbox 824 4323 960 4396; x_wconf 89' lang='lat' dir='ltr'><strong>apparet</strong></span> <span class='ocrx_word' id='word_1_312' title='bbox 986 4322 1095 4377; x_wconf 91' lang='lat' dir='ltr'><strong>crusta</strong></span> <span class='ocrx_word' id='word_1_313' title='bbox 1122 4317 1153 4378; x_wconf 93' lang='lat' dir='ltr'><strong>in</strong></span> <span class='ocrx_word' id='word_1_314' title='bbox 1171 4317 1277 4378; x_wconf 91' lang='lat' dir='ltr'><strong>medio</strong></span> <span class='ocrx_word' id='word_1_315' title='bbox 1293 4316 1394 4379; x_wconf 95' lang='lat' dir='ltr'><strong>fundo</strong></span> 
     </span>
     <span class='ocr_line' id='line_1_37' title="bbox 244 4417 1393 4497; baseline 0 -19"><span class='ocrx_word' id='word_1_316' title='bbox 244 4418 296 4478; x_wconf 93' lang='lat' dir='ltr'><strong>ubi</strong></span> <span class='ocrx_word' id='word_1_317' title='bbox 312 4418 395 4495; x_wconf 89' lang='lat' dir='ltr'><strong>ignis</strong></span> <span class='ocrx_word' id='word_1_318' title='bbox 412 4417 576 4477; x_wconf 87' lang='lat' dir='ltr'><strong>relocatus</strong></span> <span class='ocrx_word' id='word_1_319' title='bbox 593 4422 656 4492; x_wconf 89' lang='lat' dir='ltr'><strong>est,</strong></span> <span class='ocrx_word' id='word_1_320' title='bbox 675 4417 732 4478; x_wconf 93' lang='lat' dir='ltr'><strong>sed</strong></span> <span class='ocrx_word' id='word_1_321' title='bbox 749 4435 812 4494; x_wconf 91' lang='lat' dir='ltr'><strong>quo</strong></span> <span class='ocrx_word' id='word_1_322' title='bbox 830 4418 986 4478; x_wconf 91' lang='lat' dir='ltr'><strong>remotius</strong></span> <span class='ocrx_word' id='word_1_323' title='bbox 1013 4417 1087 4476; x_wconf 89' lang='lat' dir='ltr'><strong>inde</strong></span> <span class='ocrx_word' id='word_1_324' title='bbox 1114 4419 1153 4478; x_wconf 86' lang='lat' dir='ltr'><strong>ad</strong></span> <span class='ocrx_word' id='word_1_325' title='bbox 1176 4418 1331 4497; x_wconf 90' lang='lat' dir='ltr'><strong>parietes,</strong></span> <span class='ocrx_word' id='word_1_326' title='bbox 1355 4435 1393 4478; x_wconf 89' lang='lat' dir='ltr'><strong>eo</strong></span> 
     </span>
     <span class='ocr_line' id='line_1_38' title="bbox 244 4516 644 4580; baseline 0.005 -2"><span class='ocrx_word' id='word_1_327' title='bbox 244 4518 380 4579; x_wconf 89' lang='lat' dir='ltr'><strong>crassior</strong></span> <span class='ocrx_word' id='word_1_328' title='bbox 396 4516 508 4578; x_wconf 89' lang='lat' dir='ltr'><strong>evadit</strong></span> <span class='ocrx_word' id='word_1_329' title='bbox 524 4523 644 4580; x_wconf 89' lang='lat' dir='ltr'><strong>crusta.</strong></span> 
     </span>
    </p>
   </div>
   <div class='ocr_carea' id='block_1_5' title="bbox 0 0 1745 5302">
    <p class='ocr_par' dir='ltr' id='par_1_8' title="bbox 0 0 1745 5302">
     <span class='ocr_line' id='line_1_39' title="bbox 0 0 1745 5302; baseline 0 0"><span class='ocrx_word' id='word_1_330' title='bbox 0 0 1745 5302; x_wconf 95' lang='lat' dir='ltr'><strong> </strong></span> 
     </span>
    </p>
   </div>
  </div>
 </body>
</html>
