3442 5302
350 703 408 770 108
714 702 772 770 DE
792 703 900 771 SALE
922 702 1139 773 COMMUNI

388 891 568 953 Verisimile
585 895 637 952 est
658 891 794 968 salinas,
822 892 1003 971 praesertim
1033 892 1219 967 HallenseS,
1245 909 1301 972 per
1327 893 1494 972 ingentem

347 997 444 1053 terrae
460 992 619 1053 calcareae
636 996 776 1052 tractum
794 993 878 1054 intra
896 992 965 1055 loca
986 994 1205 1054 subterranea
1230 993 1440 1060 transfluere,
1464 998 1498 1054 et

347 1093 500 1154 subtilem
517 1092 680 1170 quandam
698 1109 739 1152 ex
757 1092 918 1172 lapidibus
934 1093 1091 1154 calcareis
1116 1094 1298 1173 portionem
1325 1095 1356 1155 in
1384 1110 1420 1154 se
1448 1111 1496 1155 re·

347 1193 467 1272 cipere.

388 1292 454 1354 lloc
471 1293 518 1354 sal
535 1293 732 1368 calcareum,
750 1292 776 1353 si
792 1294 889 1372 paulo
912 1294 1034 1371 majore
1050 1294 1237 1372 quantitate
1267 1295 1414 1372 [salinis]
1444 1299 1496 1355 est

345 1393 542 1469 immixtum,
560 1394 612 1453 vel
641 1409 698 1472 per
723 1393 906 1454 coctionem
933 1411 998 1455 non
1026 1399 1229 1473 separatum,
1247 1393 1357 1470 efficit,
1385 1399 1421 1455 ut
1446 1396 1493 1456 sal

346 1495 490 1555 culinare
506 1493 538 1554 in
554 1509 631 1554 aere
647 1494 829 1572 praesertim
846 1494 978 1555 humido
996 1511 1059 1556 non
1076 1493 1205 1555 firmum
1223 1500 1257 1556 et
1272 1495 1410 1555 solidum
1424 1512 1495 1574 per·

345 1594 454 1656 sistat.

389 1692 559 1756 Caeterum
578 1712 641 1756 non
654 1694 920 1774 praetereundum
934 1699 986 1755 est
997 1695 1081 1771 quod
1094 1696 1142 1756 sal
1158 1695 1396 1771 Ebslramense,
1410 1696 1495 1773 quod

346 1795 377 1854 in
397 1795 511 1873 Anglia
527 1800 598 1856 arte
614 1799 747 1874 paratur
763 1799 797 1856 et
813 1795 869 1855 vili
885 1796 989 1874 pretio
1005 1795 1036 1855 in
1055 1796 1156 1857 multa
1173 1796 1264 1875 copia
1280 1795 1493 1871 transfertur,

348 1912 455 1973 neque
472 1895 590 1956 eximio
620 1895 809 1956 destituitur
839 1894 959 1971 fructu,
992 1912 1033 1955 ex
1063 1896 1142 1956 salis
1171 1896 1355 1957 communis
1385 1896 1495 1957 lixivio

345 2007 434 2056 certa
451 1995 648 2071 encheiresi,
665 1995 831 2056 additione
847 1996 983 2056 aliorum
1000 1997 1129 2072 salium,
1147 1995 1349 2057 conficiatur.
1396 1994 1495 2073 Quod

346 2113 425 2156 vero
447 2097 494 2156 sal
522 2112 696 2156 commune
723 2096 801 2156 illud
828 2095 1040 2173 ingrediatur,
1069 2097 1295 2175 experimenta
1321 2097 1494 2174 sequentia

345 2198 529 2257 luculenter
546 2196 723 2259 declarant.
771 2212 798 2258 1.
844 2195 877 2257 Si
904 2197 1059 2257 miscetur
1078 2214 1152 2257 cum
1171 2198 1243 2259 oleo
1267 2197 1415 2271 victrioli,
1439 2215 1493 2258 ex·

345 2286 458 2375 surgit¹
474 2313 548 2357 cum
566 2296 655 2357 fumo
671 2298 745 2357 albo
762 2296 968 2374 tenuissimo,
987 2314 1050 2358 non
1068 2314 1166 2358 secus
1182 2315 1219 2357 ac
1236 2314 1309 2357 cum
1326 2298 1395 2358 sale
1408 2314 1495 2359 com·

346 2397 435 2458 muni
462 2397 633 2474 contingit,
651 2394 918 2459 effervescentia.
961 2412 993 2459 2.
1038 2395 1284 2475 Solutiolrujus
1309 2398 1399 2474 salis,
1430 2415 1493 2460 non

346 2515 443 2559 secus
460 2515 496 2557 ac
514 2497 591 2557 salis
608 2497 802 2572 communis,
827 2497 954 2574 argenti
980 2498 1176 2558 solutionem
1204 2499 1235 2558 in
1263 2499 1432 2576 pulverem
1450 2499 1494 2558 al·

346 2601 423 2659 bum
441 2598 624 2677 praecipitat
639 2602 738 2674 atque
755 2598 786 2657 in
803 2595 940 2658 fundum
958 2598 1078 2677 dejicit.
1127 2614 1155 2675 3.
1201 2597 1254 2659 Sal
1271 2615 1400 2676 quoque
1417 2599 1493 2659 illud

345 2704 415 2759 arte
431 2697 556 2760 iactum
578 2696 673 2758 iacile
700 2698 838 2759 solvitur
865 2699 896 2758 in
921 2715 1005 2776 aqua
1033 2699 1209 2774 communi,
1234 2715 1309 2776 quae
1336 2699 1493 2776 majorem

345 2800 419 2877 ejus
434 2799 668 2876 quantitatem,
686 2814 784 2875 quam
802 2799 848 2858 sal
866 2815 1052 2875 commune,
1070 2799 1100 2858 in
1119 2799 1225 2858 sinum
1249 2817 1343 2860 suum
1367 2801 1493 2878 reciplt;

345 2899 462 2960 indicio
478 2898 566 2959 haud
582 2898 777 2974 inevidenti,
795 2900 855 2958 hoc
871 2900 918 2959 sal
936 2917 954 2959 a
971 2904 1058 2959 terra
1076 2917 1135 2958 sua
1147 2897 1262 2959 fixiori’
1274 2900 1446 2960 liberatum
1461 2905 1494 2960 et

346 3000 415 3060 sale
432 2999 596 3059 communi
612 2998 719 3058 adhuc
736 3015 811 3058 esse
827 2999 994 3060 subtilius.
1040 2998 1117 3059 llaec
1135 2998 1231 3060 Drius
1261 2997 1491 3061 lloiimannus.

766 3164 900 3243 [Balnea
915 3164 1073 3244 Pitonia]

386 3302 433 3364 De
448 3300 569 3364 balneis
583 3301 632 3362 vel
647 3299 775 3362 thermis
790 3298 917 3363 Pisanis
939 3301 969 3360 in
994 3301 1114 3379 quibus
1137 3302 1187 3364 531
1206 3318 1346 3382 gemmea,
1374 3301 1492 3364 nitrum

344 3402 514 3465 calcarium
530 3404 595 3462 etc.
614 3400 785 3478 reperitur,
814 3400 967 3461 videatur
994 3400 1161 3480 josephus
1190 3400 1414 3478 Zambeccari‚
1443 3404 1493 3463 1115

344 3504 468 3564 verbis:
514 3501 599 3562 lnter
627 3500 758 3575 balnea,
786 3500 914 3561 Pisanis
938 3501 1075 3562 collibus
1099 3503 1329 3580 circumsepta,
1355 3503 1493 3563 occurrit

343 3603 495 3666 Balneum
510 3603 547 3664 de
562 3601 676 3681 Aquis,
694 3601 828 3676 dictum,
847 3600 872 3663 11
886 3601 993 3682 Bagno
1007 3617 1027 3662 a
1041 3601 1164 3682 Aequa,
1185 3602 1222 3662 16
1237 3603 1429 3663 milliaribus
1443 3602 1493 3662 Pi-

344 3721 426 3765 sana
444 3704 523 3763 urbe
540 3704 739 3780 sejunctum.
787 3701 828 3762 Ut
845 3702 957 3762 nativa
972 3702 1071 3779 hujus
1086 3717 1181 3778 aquae
1202 3702 1342 3762 conditio
1367 3704 1492 3764 eluces-

345 3810 447 3879 ceret‚
463 3801 604 3880 quaesita
621 3806 672 3861 est
686 3802 759 3879 ejus
770 3802 947 3880 temperies
962 3803 1198 3863 thermometro
1217 3815 1255 3880 50
1269 3804 1442 3880 graduum,
1460 3808 1493 3864 et

343 3909 545 3983 compertum
563 3907 627 3963 est:
672 3900 783 3963 Primo.
829 3900 1037 3962 Thermalem
1062 3907 1179 3962 aestum
1193 3902 1233 3962 ad
1252 3902 1341 3979 36¹⁰ssn
1357 3903 1491 3981 gradum

343 4004 536 4078 ascendere,
560 4001 600 4062 ad
623 4018 720 4078 quem
745 4001 842 4061 etiam
867 3999 984 4080 Syrius
1008 4001 1127 4062 ardens
1154 4007 1188 4064 et
1214 4003 1380 4064 humanus
1406 4005 1492 4065 calor

342 4104 554 4184 perveniunt.
598 4100 748 4164 Secundo.
794 4100 1045 4181 chrystallinus
1078 4103 1161 4163 nitor
1191 4103 1336 4165 emicuit.
1384 4101 1491 4166 lertio.

344 4205 484 4285 insipida
510 4207 562 4263 est
594 4203 814 4280 deprehensa;
839 4203 961 4262 nullum
987 4203 1147 4263 inducens
1172 4221 1328 4263 nauseam
1355 4221 1372 4262 e
1400 4212 1490 4282 potu.

343 4307 472 4384 Quarto
511 4306 602 4380 Aqua
619 4304 781 4380 plumbeis
797 4303 928 4380 organis
940 4304 1106 4364 destillata
1118 4308 1152 4363 et
1165 4305 1314 4364 mercurii
1327 4306 1492 4365 sublimati

342 4405 494 4466 solutioni
509 4404 667 4478 immixta,
685 4404 738 4463 vel
751 4404 850 4463 etiam
861 4404 931 4464 oleo
944 4404 1057 4464 tartari
1069 4405 1241 4483 permixta,
1255 4406 1395 4465 lacteum
1409 4408 1491 4467 colo·

344 4524 410 4578 rem
428 4505 576 4582 exhibet;
593 4505 646 4582 qui
663 4504 703 4565 ad
716 4503 914 4565 flavedinem
930 4505 1045 4582 vergit,
1058 4505 1084 4565 sl
1097 4505 1292 4566 solutionem
1310 4505 1447 4567 victrioli
1461 4507 1491 4568 in
