3524 5314
599 717 813 783 PROBATIO
835 719 979 798 AQUAE
998 719 1175 784 SALINAE
1436 739 1454 798 7

309 899 408 962 Sume
427 903 568 972 riibram
586 919 680 980 aquae
696 903 810 980 dulcis,
836 908 869 965 et
892 911 948 982 per
972 905 1090 965 lineam
1116 910 1193 966 nota
1216 906 1451 967 subsidentiam

307 1002 518 1064 instrumenti
533 1004 592 1074 tui.
611 1015 646 1064 ut
662 1004 799 1083 primum
824 1005 974 1066 edoctum
999 1010 1072 1081 est;
1088 1005 1162 1066 dein
1186 1006 1280 1066 deme
1303 1009 1345 1066 ab
1368 1023 1453 1084 aqua

308 1103 360 1162 vel
373 1099 507 1164 effunde
517 1107 645 1165 tantum
658 1121 752 1183 aquae
766 1109 924 1183 quantum
936 1105 1095 1184 ponderat
1111 1107 1158 1166 sai
1172 1106 1352 1167 immissum
1368 1107 1453 1183 quod

308 1203 466 1279 solvetur,
485 1210 520 1265 ut
535 1205 561 1264 si
578 1205 660 1265 veiis
675 1206 850 1266 immittere
873 1223 883 1266 1
903 1189 1083 1281 iothonem,
1102 1210 1179 1267 tunc
1196 1207 1291 1267 deme
1308 1224 1349 1267 ex
1373 1207 1453 1268 libra

308 1319 401 1379 aquae
430 1303 533 1365 dulcis
560 1321 571 1364 1
605 1306 782 1380 tottionem,
808 1306 888 1367 adeo
913 1311 948 1367 ut
971 1307 1100 1367 residua
1137 1308 1179 1368 sit
1215 1307 1383 1384 quantitas
1416 1323 1450 1385 31

308 1405 496 1480 tothonum;
519 1405 550 1464 in
568 1406 651 1466 hanc
675 1422 792 1484 aquam
810 1408 901 1468 mitte
928 1424 940 1467 1
966 1408 1131 1468 lothonem
1157 1408 1245 1483 salis,
1271 1411 1304 1468 et
1320 1408 1351 1468 in
1368 1409 1452 1468 solu·

307 1505 428 1565 tionem
440 1505 524 1566 hanc
535 1506 673 1567 immitte
686 1507 940 1568 instrumentum
958 1513 1050 1568 tuum
1065 1512 1098 1568 et
1111 1513 1188 1568 nota
1201 1510 1319 1570 iocum.
1367 1507 1453 1569 Pari·

308 1611 357 1665 ter
373 1605 398 1665 si
412 1606 494 1666 vetis
506 1606 609 1667 ditare
620 1623 737 1684 aquam
747 1609 1001 1686 per4toth0nes‚
1011 1609 1106 1668 deme
1117 1609 1254 1687 primum
1268 1625 1288 1685 4
1302 1609 1453 1670 lothones

309 1723 415 1783 aquae,
430 1707 503 1767 etin
521 1707 667 1768 residuos
678 1708 718 1770 28
731 1709 883 1770 lothones
900 1725 994 1786 aquae
1010 1709 1148 1770 immitte
1163 1725 1182 1786 4
1196 1710 1347 1770 lothones
1362 1709 1451 1785 saliS,

309 1810 342 1866 et
364 1807 396 1867 in
420 1808 615 1869 solutionem
645 1809 730 1869 ittam
761 1808 896 1870 demitte
926 1810 1183 1870 instrumentum
1214 1814 1318 1880 tuum,
1349 1815 1383 1870 et
1407 1811 1452 1870 sic

307 1908 446 1968 habebis
461 1913 619 1984 quantum
637 1910 715 1970 satis
730 1905 898 1970 contineat
915 1927 979 1970 una
996 1910 1075 1970 libra
1091 1927 1185 1988 aquae
1196 1912 1303 1970 satsae.
1352 1909 1453 1988 Perge

308 2008 351 2068 sic
368 2007 443 2068 dum
460 2025 576 2069 omnes
588 2011 737 2071 lothones
750 2011 791 2070 ab
808 2026 819 2070 1
834 2010 875 2070 ad
892 2027 923 2070 11
940 2027 1043 2088 usque
1056 2011 1193 2086 trabeas,
1208 2011 1279 2071 sive
1291 2015 1451 2088 quantum

308 2109 385 2169 salis
400 2109 484 2169 solvi
496 2110 600 2187 possit
615 2110 647 2170 in
665 2111 744 2171 tibra
761 2127 867 2188 aquae.

350 2210 392 2272 nt
414 2227 492 2271 vero
516 2211 542 2272 si
564 2211 646 2272 scire
670 2212 752 2272 velis
775 2212 993 2290 quantitatem
1017 2213 1095 2272 satis
1118 2212 1150 2272 in
1183 2217 1272 2272 certa
1298 2228 1452 2272 mensura

308 2328 413 2388 aquae,
432 2328 497 2372 non
514 2313 546 2372 in
562 2313 719 2391 pondere,
737 2316 773 2373 ut
788 2313 814 2373 si
830 2313 913 2373 scire
927 2312 1008 2372 velis
1020 2316 1178 2389 quantum
1193 2313 1271 2373 salis
1286 2311 1455 2373 contineat

309 2413 434 2474 modius
465 2413 517 2473 vel
548 2415 726 2474 cantharus
756 2414 807 2474 vel
833 2414 895 2474 aiia
919 2430 1083 2484 mensura,
1107 2418 1186 2474 tune
1215 2413 1329 2475 eodem
1359 2412 1452 2474 modo

310 2514 499 2574 mechanice
516 2514 688 2574 instituere
703 2520 798 2592 potes
821 2513 1008 2574 divisiones.
1035 2512 1134 2574 Sume
1157 2518 1287 2574 tantum
1313 2514 1452 2574 modium

309 2618 400 2675 tuum
418 2619 451 2676 et
466 2615 605 2676 immitte
621 2615 652 2675 in
669 2615 757 2675 iilum
774 2615 1041 2690 instrumentum,
1056 2618 1089 2675 et
1102 2619 1224 2675 annota
1240 2613 1455 2675 subsidentiae
1523 2598 1527 2605 ’

309 2716 412 2775 iocum
437 2733 493 2795 per
511 2698 648 2791 tineam,
673 2716 758 2776 unde
783 2715 868 2776 nosti
890 2714 994 2776 iocum
1019 2731 1114 2792 aquae
1136 2715 1259 2790 dutcis;
1282 2714 1314 2774 in
1338 2714 1453 2776 eadem

309 2832 392 2892 aqua
406 2818 498 2877 solve
513 2833 524 2877 1
541 2818 593 2877 vet
608 2831 625 2876 2
639 2816 690 2876 vet
705 2831 720 2893 3
734 2818 786 2876 vet
797 2817 907 2895 piures
920 2815 1071 2876 lothones
1084 2817 1171 2886 satis,
1187 2819 1345 2892 quantum
1359 2815 1455 2891 veiis,

309 2920 343 2977 et
357 2917 495 2978 immitte
510 2918 765 2978 instrumentum
780 2920 813 2977 et
825 2933 880 2995 per
894 2916 1012 2976 lineam
1030 2921 1106 2976 nota
1120 2917 1225 2976 iocum
1243 2914 1456 2976 subsidentiae

311 3022 345 3078 ut
360 3017 510 3096 primum,
527 3019 609 3078 adeo
627 3022 662 3078 ut
672 3018 796 3078 habere
806 3017 913 3095 possis
926 3017 995 3077 ioca
1008 3015 1221 3077 subsidentiae
1235 3032 1307 3076 cum
1323 3017 1453 3091 1,vei2,

310 3119 361 3177 vei
382 3109 411 3195 3‚'
428 3119 480 3178 vei
497 3134 528 3194 4,
546 3119 598 3178 vel
615 3119 725 3196 piures
742 3118 893 3178 lothones
909 3117 986 3177 satis
1003 3116 1099 3176 soluti
1116 3115 1182 3176 sint
1205 3116 1236 3176 in
1262 3132 1326 3176 uno
1350 3115 1455 3176 modio

308 3213 414 3296 aquae‚'
439 3218 525 3278 unde
549 3219 652 3279 habes
675 3218 893 3295 quantitatem
917 3232 1012 3294 aquae
1035 3233 1093 3276 seu
1119 3232 1217 3276 unum
1243 3214 1396 3291 modium,
1423 3221 1456 3275 et

308 3319 526 3396 quantitatem
543 3318 621 3378 salis
637 3318 668 3378 in
685 3319 737 3379 itio
754 3318 858 3378 modio
875 3316 1033 3378 contenti.

353 3419 418 3481 Hoc
450 3419 544 3482 modo
569 3423 663 3498 potes
684 3420 872 3478 mechanice
896 3417 1039 3477 dividere
1067 3416 1320 3476 instrumentum
1345 3420 1452 3491 tuum,

309 3520 380 3580 sive
393 3521 474 3580 vetis
490 3520 681 3581 divisionem
693 3517 1004 3579 haberesecundum
1021 3515 1149 3596 pondus
1160 3532 1254 3593 aquae
1271 3517 1323 3575 vet
1336 3532 1456 3576 secun-

309 3622 383 3681 dum
396 3637 594 3682 mensuram.
605 3619 813 3681 Sidesideres
824 3635 939 3680 omnes
952 3619 1012 3678 has
1024 3616 1239 3677 divisionesin
1251 3616 1454 3677 unoeodem-
1556 3687 1557 3692 γ

309 3739 371 3799 que
385 3721 617 3796 instrumento,
633 3726 727 3799 potes
742 3721 783 3780 ab
800 3737 866 3781 una
877 3717 1388 3804 partedividereinstrumentum
1404 3734 1456 3777 se-

310 3822 600 3901 cundumpondus‚
614 3822 654 3881 ab
671 3823 774 3881 attera
786 3820 966 3881 secundum
977 3834 1179 3892 mensuram,
1191 3817 1276 3894 quod
1286 3833 1324 3878 eo
1340 3817 1456 3880 meiius

310 3923 462 4001 distingui
478 3927 588 4001 potest
603 3923 629 3982 si
646 3923 761 3982 coitum
777 3919 986 3982 instrumenti
1004 3918 1045 3980 sit
1055 3917 1169 3979 iormae
1181 3918 1233 3977 vei
1247 3917 1455 3995 triangularis

311 4026 362 4085 vet
379 4025 561 4102 quadratae‚
575 4023 726 4100 quamvis
743 4022 818 4082 nihii
837 4025 952 4082 noceat
968 4020 994 4080 si
1011 4020 1052 4080 sit
1067 4019 1227 4094 rotundae,
1243 4017 1336 4079 modo
1353 4017 1384 4078 in
1401 4017 1455 4078 itia

310 4131 401 4204 parte
418 4125 490 4185 cotti
507 4124 600 4185 simui
619 4128 766 4185 notatum
784 4123 838 4198 sit,
856 4138 898 4182 an
915 4121 1043 4200 pondus
1066 4121 1118 4180 vei
1144 4134 1332 4179 mensuram
1357 4118 1455 4196 signi·

310 4225 398 4288 ficet.
444 4225 701 4286 Observandum
720 4228 771 4284 est
786 4240 849 4301 quo
866 4222 1037 4300 angustius
1054 4226 1087 4281 et
1104 4220 1234 4281 tenuius
1251 4223 1302 4279 est
1325 4220 1455 4289 coitum,

311 4345 349 4389 eo
360 4327 538 4390 distinctior
553 4326 663 4386 evadit
674 4325 798 4395 divisio,
815 4324 896 4384 adeo
913 4328 949 4383 ut
962 4323 1101 4400 majores
1112 4320 1277 4381 distantiae
1289 4319 1454 4395 intersint,

311 4446 407 4508 quam
425 4428 452 4490 si
468 4428 585 4489 collum
603 4432 694 4490 esset
710 4427 866 4506 amptum.
1300 4433 1302 4438 ·
