3524 5314
585 648 872 712 PRAEFATIO
894 649 985 712 EDI
988 650 1018 711 T
1018 649 1129 712 ORIS
1435 671 1457 711 v

256 829 431 894 Methodis
454 829 634 893 obtinendi
658 829 775 894 Salem
799 833 1026 895 Communem
1039 832 1056 856 ”
1073 815 1245 908 agendum
1268 841 1351 897 erat.
1398 834 1457 912 Ju-

256 929 394 994 dicabat
411 931 470 994 Dr.
491 929 591 994 Talel
614 929 714 1006 hujus
730 930 844 1007 operis
861 930 1030 1008 propositi
1047 939 1189 1008 ‚partem
1205 932 1457 1008 sexagesimam

256 1030 347 1094 idern
364 1051 439 1094 esse
462 1052 503 1094 ac
525 1051 613 1107 opus
628 1028 695 1093 hoc
712 1031 769 1092 DE
786 1032 893 1104 SALE,
909 1031 1003 1107 quod
1026 1052 1108 1108 ergo
1130 1052 1224 1095 anno
1248 1034 1327 1097 1722
1351 1031 1459 1110 scrip·

256 1139 329 1194 turn
343 1151 418 1194 esse
433 1132 609 1194 censebat.

298 1232 367 1295 Sed
383 1252 423 1293 ex
446 1231 522 1306 ipso
538 1251 644 1307 opere
659 1229 751 1294 clare
769 1237 866 1307 patet
890 1231 983 1308 quod
1006 1252 1075 1294 non
1097 1231 1194 1308 prius
1209 1232 1376 1308 scripturn
1397 1232 1454 1308 sit,

256 1340 290 1394 et
305 1340 399 1395 certe
416 1351 485 1392 non
501 1329 595 1407 prius
612 1330 814 1407 perlectum,
834 1352 939 1407 quam
958 1352 1051 1394 anno
1068 1332 1168 1408 1728;
1192 1354 1272 1395 narn
1289 1333 1333 1396 ad
1351 1333 1457 1396 finem

255 1429 379 1507 capitis
391 1431 511 1492 XVIII
525 1427 635 1506 (apud
648 1450 721 1503 nos
736 1452 812 1506 pag.
828 1426 887 1502 41)
902 1440 1002 1495 notat
1017 1440 1136 1495 noster
1148 1433 1320 1509 quendam
1331 1432 1453 1506 virum,

257 1530 391 1594 Ekhart
418 1530 568 1604 nomme,
598 1523 723 1594 “anno
746 1532 826 1595 1728
851 1551 869 1593 e
893 1531 979 1594 vivis
1004 1531 1218 1608 exolvisse;''
1250 1531 1390 1609 insuper
1415 1554 1457 1596 ex

256 1631 350 1694 libris
364 1629 449 1694 citat
465 1630 524 1706 qui
547 1651 616 1693 non
640 1629 733 1706 prius
754 1630 788 1692 in
811 1630 923 1694 lucem
944 1632 1116 1695 dabantur
1132 1653 1235 1708 quarn
1252 1653 1344 1695 anno
1362 1634 1454 1708 1723,

257 1733 347 1804 1724,
377 1740 412 1793 et
444 1731 524 1795 1727
552 1726 649 1802 (vide
679 1730 833 1794 Indicem
863 1733 1052 1795 Auctorum
1080 1731 1114 1794 in
1138 1732 1341 1809 Appendice
1368 1753 1393 1796 s.
1421 1754 1453 1796 v.

255 1832 465 1908 Anonymus.
495 1831 702 1902 Boerlzaave,
732 1828 1024 1903 Brachmannus).
1074 1832 1177 1906 Quod
1202 1839 1319 1895 autern
1350 1832 1458 1908 scrip·

254 1939 345 1994 serat
370 1939 489 1994 noster
512 1929 579 1993 hoc
604 1931 661 1992 DE
687 1931 783 1992 SALE
807 1951 895 2006 opus
919 1952 988 1994 non
1012 1931 1140 1994 seriore
1163 1939 1322 2008 ternpore
1349 1954 1453 2009 quarn

256 2032 335 2095 1728
351 2029 406 2093 vel
424 2031 503 2095 1729
519 2030 553 2094 id
568 2030 705 2094 videtur
726 2030 878 2094 indicare
895 2032 988 2107 quod
1007 2031 1100 2094 nulla
1116 2031 1223 2094 citata
1240 2032 1319 2107 sint,
1340 2033 1458 2108 quoad

254 2130 480 2205 inveniamus
500 2152 541 2193 ex
557 2130 651 2193 libris
668 2140 746 2207 post
762 2152 892 2194 annum
909 2132 989 2196 1727
1006 2131 1117 2195 editis,

297 2232 374 2293 Non
391 2239 509 2294 tamen
525 2229 752 2294 dubitandum
770 2239 821 2293 est
843 2231 958 2307 operis
980 2216 1080 2308 hujus
1095 2231 1150 2294 vel
1174 2231 1323 2308 primum
1341 2253 1458 2296 exem·
1501 2309 1502 2314 ἵ

253 2329 329 2407 plar
354 2329 409 2392 vel
433 2329 549 2406 aliqua
575 2329 683 2393 citata
708 2329 837 2406 scripta
862 2351 937 2392 esse
963 2338 1045 2393 ante
1069 2352 1198 2394 annum
1225 2333 1314 2396 1724.
1364 2333 1453 2394 Nam

255 2429 363 2493 literis
378 2431 423 2493 ad
439 2430 586 2492 Emeum
604 2431 834 2503 ΒΕΝΖΕιΙυΜ,
854 2429 922 2493 diei
937 2431 978 2493 24
995 2430 1087 2507 Maji,
1109 2432 1199 2507 1724,
1219 2431 1301 2518 dicit
1318 2440 1458 2495 noster:

298 2524 394 2592 “Per
419 2530 561 2592 fratrem
589 2529 778 2592 Antonium
806 2529 954 2593 Schwab
977 2529 1040 2592 tibi
1066 2530 1167 2594 mitto
1190 2533 1387 2594 collectanea
1410 2531 1456 2594 de

255 2631 438 2706 Sulplzum
458 2631 625 2704 viariam,
644 2631 805 2703 alumino,
824 2631 896 2692 sale
910 2631 1086 2704 communi,
1103 2640 1136 2694 et
1154 2633 1247 2694 vitro
1263 2640 1296 2693 et
1313 2632 1425 2694 acidis
1438 2655 1454 2704 ,·

254 2751 323 2793 non
340 2739 457 2795 autern
472 2739 633 2793 accurate
650 2729 809 2793 ordinata
821 2730 882 2793 sed
904 2729 991 2794 sicut
1007 2729 1168 2794 volebam
1185 2751 1226 2794 ea
1242 2751 1304 2808 pro
1321 2731 1458 2808 meipso

253 2830 402 2903 habere;
424 2831 503 2894 ideo
520 2851 642 2908 precor
656 2829 719 2892 tibi
739 2851 779 2893 ea
796 2829 880 2892 mihi
903 2830 1080 2894 remittere
1097 2852 1259 2895 unacum
1283 2830 1454 2908 prioribus

254 2930 477 2994 collectaneis
492 2931 535 2993 de
554 2931 666 3006 cupro
688 2951 758 2992 non
774 2929 881 2993 serius
897 2951 1001 3006 quam
1016 2929 1161 3008 Julius.'’
1209 2926 1408 3006 (Geologz‘ca
1423 2942 1456 2994 et
1541 2969 1543 2976 ·

254 3032 432 3106 Epistulae
447 3031 487 3105 I.‚
508 3052 540 3106 p.
561 3026 654 3101 314.)

298 3132 404 3194 Porro
420 3129 539 3195 scribit
555 3139 682 3204 noster,
699 3129 807 3194 literis
823 3131 866 3194 ad
881 3133 1061 3198 ANDREAM
1075 3133 1251 3204 CEstM,
1269 3131 1458 3194 Societatis

254 3231 434 3294 Literariae
450 3238 484 3293 et
509 3229 751 3305 Scientiarum‚
772 3229 934 3307 Upsaliae‚
955 3230 1197 3306 Secretarium‚
1217 3229 1285 3294 diei
1305 3232 1346 3295 27
1363 3231 1451 3294 Nov.

256 3331 358 3395 1729:
978 3333 979 3338 ’

300 3426 399 3494 “Per
414 3431 535 3494 decem
559 3451 669 3493 annos
684 3438 777 3493 retro
793 3429 916 3506 collegi
940 3429 1023 3493 talia
1040 3451 1115 3506 quae
1139 3428 1251 3493 lucem
1268 3430 1399 3494 dabunt
1417 3431 1454 3494 in

252 3531 443 3594 Metallz’cz's
467 3542 499 3594 et
525 3552 628 3606 regno
657 3532 828 3602 minerali.
875 3528 1057 3606 Aliquibus
1072 3529 1277 3606 septimanis
1294 3550 1455 3608 propono

253 3631 467 3694 collectanea
485 3639 518 3693 et
536 3641 691 3706 excerpta
708 3629 877 3704 ordinare,
897 3639 931 3702 et
950 3629 1028 3693 dein
1052 3629 1342 3706 imprimebuntur
1358 3638 1454 3694 extra

255 3731 413 3807 patriam.
461 3733 659 3806 Antequam
681 3751 764 3793 vero
786 3752 827 3793 ea
851 3739 947 3793 extra
969 3729 1117 3805 dimitto,
1138 3729 1269 3793 honore
1286 3730 1370 3793 mihi
1390 3730 1454 3793 erit

254 3830 316 3894 tibi
332 3831 588 3894 communicare
606 3838 642 3893 ut
657 3832 837 3906 colligeras
854 3829 936 3906 quid
953 3851 993 3892 ex
1010 3829 1058 3892 eis
1080 3829 1222 3905 dignum
1241 3829 1286 3894 sit
1308 3830 1342 3893 in
1358 3831 1454 3894 Actis

258 3927 453 4002 [Literariis
477 3927 625 4002 Sueciis]
649 3929 786 3994 includi.
835 3930 963 3993 Totum
986 3951 1149 4005 magnum
1172 3930 1359 3993 admodum
1382 3929 1455 3994 vol-

254 4051 356 4093 umen
373 4030 438 4094 erit
454 4039 491 4093 ut
506 4029 624 4093 videas
641 4051 681 4092 ex
697 4029 905 4106 specimene,
922 4030 1015 4106 quod
1032 4029 1113 4092 mihi
1126 4028 1250 4093 honori
1263 4029 1327 4092 erit
1339 4028 1453 4092 hieme

253 4131 316 4193 tibi
333 4125 534 4193 mittere.”*
581 4124 702 4203 (Ibant,
723 4152 755 4207 p.
776 4127 869 4202 321.)

284 4257 375 4308 *Duo
401 4258 465 4308 haec
489 4256 583 4307 literae
607 4258 700 4308 Snece
726 4255 840 4322 scriptae
858 4262 934 4319 sunt,
953 4262 1058 4322 praeter
1080 4256 1168 4307 verba
1191 4255 1222 4306 in
1241 4229 1458 4308 characteribus

252 4338 359 4392 italicis
370 4356 437 4406 quae
450 4339 552 4396 Latine
565 4339 677 4405 scripta.
