3524 5314
768 961 967 1042 INDEX*

370 1195 420 1273 †l.
465 1202 629 1267 Probatio
641 1177 748 1280 Aquae
765 1202 892 1266 Salinae
905 1211 1071 1279 quantum
1090 1202 1180 1266 Salis
1191 1203 1380 1276 contineat,

507 1325 576 1380 pag
594 1307 609 1366 l
620 1346 1213 1360 ················································
1218 1305 1313 1379 apud
1326 1326 1384 1366 nos

384 1399 420 1466 ll.
465 1402 629 1467 Probatio
652 1403 768 1466 Terrae
791 1402 825 1465 in
850 1424 918 1478 qua
942 1401 1001 1464 Sal
1024 1402 1203 1479 reperitur,
1222 1404 1272 1478 29,
1292 1405 1388 1478 apud

372 1599 420 1666 lll.
467 1526 630 1666 Priilrsalio
648 1601 836 1678 Qualitatis
853 1600 953 1677 Salis,
973 1605 1012 1666 30
1025 1646 1380 1660 .............................
1436 1501 1466 1665 ii

371 1699 418 1766 lV.
464 1705 566 1766 Mons
583 1702 721 1766 Salinus
741 1702 904 1777 Poloniae,
923 1704 963 1765 42
975 1746 1380 1760 .................................
1431 1699 1466 1765 16

383 1801 418 1866 V.
463 1804 602 1866 Montes
619 1812 653 1867 et
670 1803 814 1866 Fodinae
831 1802 921 1865 Salis
937 1802 1129 1866 Cataloniae
1142 1811 1177 1866 et
1190 1795 1384 1878 Cardonae,¹

505 1906 545 1967 48
561 1947 1380 1960 ..................................................................
1431 1899 1465 1966 18
1522 1953 1528 1958 .

370 1999 419 2066 Vl.
465 2004 604 2086 Montes
621 2002 729 2065 Salini
749 2003 947 2078 Hungariae‚
968 2004 1007 2067 57
1011 2047 1379 2060 ..............................
1433 1999 1466 2064 19

355 2099 417 2165 Vll.
462 2105 564 2166 Mons
580 2103 718 2166 Salinus
738 2097 954 2166 Hallstadiae²
970 2111 1003 2165 et
1021 2101 1216 2177 Yschleriae,
1231 2105 1270 2166 53
1275 2147 1380 2162 ·········
1426 2099 1467 2165 20

343 2199 418 2267 Vlll.
463 2203 523 2272 Sal
540 2204 696 2267 Gemmae
714 2202 857 2278 angliae,
878 2206 917 2266 55
921 2246 1380 2265 .....................................
1430 2200 1465 2265 21

368 2299 418 2366 IX.
463 2303 523 2365 Sal
548 2305 703 2366 Gemmae
727 2303 761 2365 in
786 2303 912 2377 Ormis,
940 2302 1062 2376 China,
1086 2302 1255 2378 America,
1281 2298 1383 2373 [Rus-

505 2400 587 2476 sia],
601 2391 641 2466 ¹et
657 2402 749 2477 alibi,
770 2405 809 2465 56
823 2446 1242 2459 ..................................
1245 2389 1248 2394 ’
1248 2446 1379 2459 ...........
1425 2399 1467 2465 22

382 2500 418 2566 Χ.
464 2496 719 2566 Lacus³Salini
740 2502 884 2577 Russici,
905 2504 943 2566 59
949 2545 1380 2559 ...................................
1425 2498 1465 2565 23

368 2599 418 2666 Xl.
463 2602 677 2679 Evaporatio
703 2602 793 2665 Salis
816 2624 857 2664 ex
882 2601 1140 2689 AquaflMarina
1164 2601 1330 2665 Rochelle
1348 2609 1381 2664 et

504 2701 596 2777 alibi,
616 2704 655 2766 62
671 2746 1378 2760 .........................................................
1424 2698 1465 2764 24

355 2799 418 2866 XII.
463 2803 678 2880 Evaporatio
694 2805 802 2880 Aquae
826 2803 969 2866 Marinae
998 2799 1048 2874 [in
1065 2799 1197 2875 Salem]
1225 2802 1258 2864 in
1283 2804 1382 2864 Nova

504 2902 686 2979 Hispania,
706 2905 745 2967 79
760 2946 1379 2960 ..................................................
1430 2897 1464 2964 31

341 3000 416 3067 Xlll.
461 3003 676 3080 Evaporatio
690 3005 796 3078 Aquae
811 3002 952 3065 Marinae
969 2998 1018 3073 [in
1032 2999 1164 3074 Salem]
1174 3051 1180 3077 ,
1192 3003 1380 3065 secundum

503 3102 710 3178 Agricolam,
729 3107 769 3166 81
782 3147 950 3160 ..............
949 3160 953 3166 ,
958 3145 1375 3159 ..................................
1424 3097 1441 3164 3
1444 3100 1464 3164 2

340 3199 415 3266 XIV.
461 3203 586 3266 Modus
619 3202 802 3278 peculiaris
833 3201 1012 3265 obtinendi
1045 3201 1163 3263 Salem
1195 3201 1316 3264 Galliae
1347 3202 1381 3263 in

503 3303 715 3366 Normandia
733 3311 768 3366 et
784 3303 827 3365 ad
847 3304 897 3366 St.
919 3301 1057 3375 Michel,
1076 3304 1117 3365 86
1135 3346 1378 3358 ....................
1425 3297 1465 3364 34

354 3400 416 3466 XV.
461 3403 586 3466 Modus
613 3403 795 3479 peculiaris
821 3401 1001 3465 obtinendi
1029 3401 1145 3465 Salem
1169 3401 1203 3463 in
1228 3401 1380 3465 Bothnia

505 3500 684 3578 Orientali,
704 3505 745 3566 90
758 3545 1377 3559 ..................................................
1425 3498 1465 3565 36

340 3599 415 3666 XVI.
461 3603 585 3666 Modus
600 3602 772 3679 coquendi
794 3599 843 3674 [et
860 3599 1087 3678 evaporandi]
1110 3601 1225 3665 Salem
1246 3604 1376 3675 Romae,

502 3706 542 3766 96
557 3746 1376 3760 ··································································
1425 3699 1464 3767 38

328 3799 415 3866 XVII.
461 3803 645 3866 Confectio
662 3803 752 3866 Salis
769 3803 900 3877 Frisiei,
919 3804 959 3866 99
970 3846 1376 3860 .................................
1425 3799 1463 3866 39

316 3899 416 3967 XVIII.
461 3904 585 3966 Modus
603 3902 671 3965 Dni
689 3903 848 3966 Himselii
866 3902 983 3966 Salem
1001 3902 1155 3979 parandi,
1177 3904 1235 3965 102
1247 3946 1377 3959 ...........
1422 3900 1463 3966 40

337 4000 414 4066 XIX.
459 4002 582 4066 Coctio
599 4002 688 4065 Salis
705 4024 746 4065 ex
760 4004 859 4079 Aqua
881 4003 1016 4066 Marina
1034 4002 1171 4076 Scotiae,
1193 4005 1252 4066 106
1255 4046 1376 4065 ..........
1426 3999 1462 4064 41

294 4145 352 4196 *In
363 4146 544 4211 autographo
553 4144 602 4196 hic
611 4146 706 4196 Index
715 4146 751 4196 ad
763 4145 852 4195 finem
861 4145 957 4211 operis
966 4145 1105 4211 scriptum
1114 4151 1157 4196 est
1169 4145 1219 4197 ubi
1231 4145 1335 4211 implet
1344 4145 1464 4211 paginas

258 4229 320 4294 328,
334 4243 393 4294 329,
407 4231 579 4294 329a.-ED.

294 4328 438 4389 †Numeri
451 4332 475 4393 Ι,
489 4331 529 4392 11,
544 4331 599 4391 111,
613 4334 679 4392 etc.,
693 4329 729 4380 ab
742 4328 853 4380 editore
866 4327 1014 4394 suppediti
1027 4329 1199 4383 sunt—En.
