3442 5302
491 713 672 788 FRIGUS
694 711 753 774 IN
773 711 899 776 SALE
923 711 1162 777 COMMUNI
1364 723 1421 784 Ι37

264 899 304 960 In
320 895 555 960 destillatione
570 895 712 974 spiritus
726 895 809 958 salis
818 895 969 972 vulgaris
984 893 1109 959 ultimo
1118 895 1220 958 flores
1231 893 1423 960 albicantes

219 997 424 1071 ascendunt,
444 1015 504 1059 seu
527 995 764 1070 flavescentes,
784 994 874 1059 collo
890 1004 1029 1059 retortae
1045 993 1343 1069 adhaerescentes‚
1362 995 1422 1071 qui

219 1117 299 1160 cum
322 1096 416 1160 calce
439 1096 517 1161 viva
540 1096 636 1161 mixti
661 1094 1002 1174 penetrantissimum
1018 1095 1159 1158 odorem
1176 1094 1351 1158 urinosum
1368 1115 1423 1158 ex·

223 1196 353 1260 halant.

264 1295 455 1360 Conficitur
471 1317 511 1359 ex
527 1296 623 1362 urina
640 1295 869 1374 phosphorus,
889 1295 993 1372 inque
1008 1293 1106 1358 urina
1122 1294 1231 1358 multa
1247 1315 1331 1372 pars·
1341 1293 1423 1358 salis

219 1396 416 1460 communis
431 1397 531 1460 inest.

264 1497 359 1560 Mare
389 1496 518 1560 salsum
543 1505 713 1560 nocturno
738 1504 898 1573 ternpore
924 1495 1104 1571 agitatum,
1135 1495 1320 1573 praecipue
1344 1515 1422 1559 cum

218 1599 385 1662 tenebrae
415 1605 506 1673 sunt,
532 1597 666 1674 insigne
696 1597 811 1662 lumen
841 1597 884 1662 de
914 1618 950 1660 se
980 1595 1123 1673 spargit,
1153 1595 1356 1673 praesertim
1387 1597 1422 1660 in

217 1693 389 1762 allisione¹
401 1698 632 1776 scopulorum.
674 1700 823 1776 Quoque
838 1699 961 1764 salsior
971 1707 1024 1762 est
1036 1719 1136 1775 aqua,
1151 1717 1192 1762 eo
1204 1696 1422 1773 liquidiorem

192 1835 195 1842 ·
223 1797 334 1862 lucem
371 1799 526 1876 spargit.
543 1799 711 1874 imprimis
740 1798 775 1862 in
802 1797 886 1862 locis
912 1797 1128 1862 calidissimis
1154 1805 1189 1860 et
1215 1796 1420 1860 salsissimis.

179 1953 181 1960 ,
223 1899 275 1961 De
292 1897 345 1961 his
362 1900 460 1962 Dnus
477 1898 628 1962 Snellen.

263 2000 302 2061 In
325 1997 560 2063 destillatione
575 1999 655 2063 salis
671 1998 949 2070 ardentissimum
965 1996 1109 2075 sulphur
1124 2018 1192 2061 una
1207 2017 1285 2061 curn
1301 1996 1423 2075 spiritu

217 2099 406 2164 obtinetur.
456 2101 572 2175 Quum
601 2100 652 2163 sal
681 2100 760 2176 igne
789 2098 989 2174 calcinatur‚
1019 2097 1214 2162 caeruleam
1244 2096 1421 2160 flammam

220 2197 369 2262 exhibet.
419 2199 487 2264 Ubi
509 2198 625 2263 fontes
642 2198 723 2263 salsi
743 2199 973 2277 reperiuntur,
992 2196 1047 2261 vel
1063 2196 1114 2261 sal
1130 2218 1288 2274 gemmae
1304 2217 1424 2272 gener-

216 2305 306 2374 atur,
320 2299 353 2362 in
372 2299 568 2376 propinquo
583 2299 753 2376 reperitur
767 2298 911 2376 sulphur
925 2296 980 2362 vel
997 2297 1180 2362 marcasita
1195 2297 1267 2360 sive
1280 2296 1419 2374 pyrites

221 2405 255 2461 et
272 2419 377 2476 saepe
393 2399 513 2464 divitia
529 2397 680 2463 metalla.

262 2498 299 2562 Si
326 2499 402 2575 quis
427 2499 542 2563 decies
568 2498 623 2562 vel
649 2499 834 2564 duodecies
856 2499 958 2563 solvit
984 2507 1019 2562 et
1041 2497 1202 2574 coagulat
1224 2497 1275 2561 sal
1290 2499 1422 2574 absque

219 2597 418 2674 filtratione,
438 2597 525 2661 nihil
540 2599 725 2676 quicquam
742 2621 804 2676 per
819 2598 1090 2664 destillationem
1106 2597 1255 2673 obtinet;
1278 2597 1313 2661 id
1329 2596 1422 2674 quod

221 2698 329 2774 magis
351 2698 385 2761 in
410 2719 479 2762 uno
500 2697 611 2776 quam'
629 2699 663 2762 in
679 2698 748 2762 alio
764 2698 834 2763 sale
851 2699 985 2775 accidit,
1005 2699 1156 2763 incocto
1179 2697 1251 2761 sale
1274 2695 1422 2766 fontium

216 2797 320 2862 citius
336 2819 440 2874 quarn
457 2799 491 2862 in
513 2793 615 2874 [sale]
638 2799 781 2862 marino
830 2801 943 2876 Saepe
959 2800 1065 2864 etiam
1081 2799 1115 2862 in
1132 2797 1213 2863 salis
1228 2797 1421 2861 communis

216 2897 453 2962 destillatione
477 2897 527 2962 sal
551 2899 727 2963 urinosum
750 2894 818 2962 vel²
832 2899 1083 2963 ammoniacale
1105 2899 1139 2962 in
1162 2897 1253 2962 collo
1268 2905 1421 2974 retortae

220 2998 389 3076 reperitur
404 2998 513 3062 instar
528 2998 661 3073 florum,
682 3000 774 3076 quod
790 3019 868 3062 cum
884 2999 982 3062 acido
998 2998 1157 3067 victrioli,
1172 2997 1263 3069 nitri.
1280 3006 1314 3062 et
1331 3017 1422 3074 aqua
1538 3081 1541 3088 Ι

216 3098 298 3162 torti
321 3099 487 3163 acerrime
510 3098 726 3164 colluctatur.
775 3099 871 3162 Idem
895 3097 1182 3164 animadvertitur
1203 3097 1238 3161 in
1261 3097 1421 3161 coctione

216 3197 301 3261 salis
330 3198 364 3262 in
395 3199 548 3262 tontibus
574 3198 702 3272 salinis
722 3198 780 3262 ubi
806 3219 847 3261 ex
873 3197 1045 3263 lebetibus
1066 3197 1296 3263 sublimantur
1318 3197 1421 3260 flores

217 3306 383 3375 tectoque
399 3298 600 3374 adhaerent,
621 3308 657 3362 ut
675 3297 884 3374 Luneburgi.
933 3301 1018 3362 Haec
1035 3300 1132 3361 Dnus
1149 3298 1291 3362 Hierne.

261 3400 331 3465 Sed
356 3400 400 3462 de
426 3398 479 3462 his
502 3399 620 3463 videas
645 3398 766 3469 melius
793 3399 860 3462 Sal
882 3400 1140 3461 Ammont'acum
1164 3407 1198 3462 et
1222 3399 1415 3473 Urinosum‚

217 3506 299 3574 etc..
320 3508 355 3562 et
370 3499 617 3575 phosphorum.
1458 3494 1461 3499 ⁵

791 3769 849 3831 ιι.

493 3935 672 4001 stercus
696 3937 744 3998 nu
769 3936 890 3998 saus
914 3907 1153 4000 connum.

262 4105 315 4166 De
339 4102 420 4166 Sale
437 4102 595 4167 Mirabile
613 4102 776 4167 Glauberi
792 4102 886 4180 prius
901 4101 1031 4166 dictum
1048 4110 1099 4164 est
1116 4101 1209 4178 quod
1225 4100 1259 4163 in
1275 4099 1420 4176 glaciem

218 4202 308 4267 intra
333 4201 474 4279 aliquod
499 4211 638 4280 tempus
662 4212 863 4267 convertere
888 4202 997 4279 possit
1018 4200 1169 4278 liquores
1185 4217 1421 4277 quoscumque

217 4303 350 4378 obvios
371 4302 451 4366 hinc
466 4303 761 4379 supersedendum
778 4312 830 4366 est
846 4301 901 4366 hic
917 4303 1038 4366 eadem
1055 4309 1223 4377 repetere.

262 4404 360 4465 Dfius
385 4401 533 4467 Wolfius
559 4402 834 4479 experimentum
858 4401 964 4466 tradit
988 4403 1031 4465 de
1055 4399 1296 4476 frigefactione
1319 4419 1418 4473 aquae
