3442 5302
277 717 335 790 138
635 719 702 781 DE
725 718 851 781 SALE
875 718 1114 783 COMMUNI

275 921 337 977 per
358 900 409 964 sal
431 921 625 965 commune.
673 899 820 966 Immisit
843 900 1130 965 thermometrum
1147 901 1182 964 in
1197 923 1324 979 aquam
1340 901 1479 967 dulcem

275 1008 309 1064 et
331 1001 414 1065 inibi
437 1000 585 1066 detinuit
609 1002 690 1066 dum
715 1022 785 1065 non
808 1001 956 1078 amplius
971 1001 1084 1078 liquor
1098 1001 1250 1066 inclusus
1266 1012 1480 1080 moveretur;

274 1100 308 1164 in
333 1102 479 1165 eandem
504 1123 631 1178 aquam
658 1100 799 1165 immisit
822 1100 873 1166 sal
896 1121 1081 1166 commune
1097 1103 1190 1179 quod
1205 1103 1375 1178 agitatum
1391 1102 1476 1166 inibi

274 1201 424 1266 solutum
454 1201 528 1266 fuit.
575 1204 773 1278 Antequam
805 1201 907 1278 plene
933 1201 1060 1266 solutio
1086 1211 1228 1279 peracta
1254 1202 1308 1278 sit,
1335 1203 1475 1281 spiritus

273 1300 524 1366 thermometro
549 1301 698 1365 inclusus
722 1300 836 1366 delabi
862 1301 1002 1379 incepit,
1022 1310 1057 1365 et
1081 1311 1159 1380 post
1182 1301 1323 1379 aliquod
1337 1312 1481 1380 tempus·

273 1400 385 1466 adhuc
408 1402 453 1465 ad
477 1402 621 1477 gradum
648 1400 880 1478 humiliorem;
914 1423 1019 1478 quum
1044 1402 1088 1466 ad
1103 1411 1232 1466 statum
1249 1404 1424 1479 quoddam
1440 1403 1477 1466 in

273 1501 523 1566 thermometro
550 1510 717 1578 punctum
747 1501 954 1573 devenisset,
981 1501 1158 1566 transtulit
1188 1501 1476 1567 thermometrum

274 1621 383 1678 usque
409 1601 443 1664 in
469 1622 596 1677 aquam
623 1600 764 1678 aequalis
791 1601 988 1677 frigiditatis
1010 1623 1088 1665 cum
1104 1601 1219 1679 priori,
1240 1603 1330 1666 unde
1346 1603 1476 1667 lactum

274 1709 326 1764 est
364 1701 457 1778 quod
486 1700 626 1778 spiritus
655 1721 770 1764 rursus
799 1702 1008 1782 ascenderet,
1032 1703 1076 1766 ad
1105 1703 1248 1778 gradum
1280 1703 1477 1780 pristinum.

275 1801 482 1865 Observavit
519 1801 624 1865 etiam
662 1802 754 1878 quod
791 1801 876 1866 salia
905 1802 1094 1879 frigiditate
1124 1802 1272 1867 invicem
1302 1803 1481 1880 differant;

274 1900 431 1964 maximae
447 1900 645 1976 frigiditatis
662 1910 713 1964 est
729 1901 890 1979 salpetra.
910 1901 990 1966 dein
1006 1901 1056 1966 sal
1072 1903 1317 1979 armeniacum,
1336 1913 1409 1967 tum
1426 1902 1477 1967 sal

274 2022 467 2065 commune.
516 2000 651 2064 Vitrum
668 2001 773 2066 etiam
790 2023 918 2079 vapore
946 2003 1095 2078 quodam
1113 2011 1209 2066 extra
1226 2003 1350 2067 obduci
1366 2003 1479 2066 visum·

276 2110 338 2166 est.

316 2203 370 2263 Ex
387 2201 530 2277 Boyle0.
579 2201 694 2264 Verba
711 2203 783 2279 ejus
798 2210 891 2265 sunt:
915 2201 1080 2279 Cepimus
1095 2201 1243 2265 vitreum
1259 2223 1320 2266 vas
1335 2203 1370 2267 in
1386 2223 1481 2266 sum·
1505 2250 1508 2254 -

275 2300 396 2365 mitate
419 2310 588 2378 apertum,
608 2301 663 2365 cui
679 2300 766 2364 nivis
782 2309 816 2364 et
832 2302 1025 2366 communis
1040 2302 1121 2366 salis
1137 2302 1321 2367 mixturam
1337 2302 1477 2366 immisi·

274 2421 359 2465 mus
409 2402 449 2463 ln
473 2399 573 2478 hujus
596 2400 752 2464 mixturae
769 2401 1024 2465 mediovitrum
1041 2402 1152 2466 forma
1168 2402 1355 2479 cylindrica
1371 2401 1477 2466 collo·

274 2500 438 2576 cavimus,
471 2499 624 2564 inferiori
661 2509 817 2564 extremo
854 2500 1044 2578 emplastro
1074 2512 1234 2566 accurate
1263 2502 1478 2578 conclusum,

222 2621 224 2626 ·
272 2600 448 2680 superiore
461 2621 543 2664 vero
556 2610 725 2677 apertum,
740 2621 801 2677 per
813 2602 907 2678 quod
919 2623 1010 2677 aqua
1021 2603 1197 2666 communi
1210 2602 1473 2681 complevimus.
1568 2623 1572 2630 ·

275 2701 409 2777 Quibus
435 2699 536 2764 sim'ul
562 2700 597 2764 in
622 2700 792 2778 recipiens
815 2700 982 2778 demissis
1003 2712 1037 2766 et
1060 2701 1168 2766 antlia
1191 2703 1352 2777 exercita,
1372 2702 1474 2779 caepit

274 2802 331 2864 nix
347 2801 468 2878 majori
494 2823 598 2877 quam
622 2801 879 2877 expectavimus
909 2801 1087 2866 celeritate
1114 2801 1296 2880 liquefieri;
1327 2824 1372 2866 an
1394 2823 1482 2880 prae

274 2910 414 2965 exsucto
430 2921 519 2977 aere,
539 2923 584 2964 an
601 2921 684 2978 prae
700 2900 822 2976 exigua
838 2900 926 2964 nivis
942 2902 1138 2978 quantitate
1153 2923 1214 2965 seu
1230 2902 1297 2966 alia
1313 2904 1356 2967 de
1372 2922 1476 2966 causa

274 3002 469 3078 contigerit,
481 3001 623 3066 dubium
631 3001 826 3077 videbatur;
840 3011 1014 3078 utcunque
1025 3001 1193 3066 exhausto
1203 3005 1331 3066 bonam
1343 3012 1478 3080 partem

275 3101 474 3178 recipiente,
495 3102 588 3178 quod
611 3101 735 3165 minori
758 3101 872 3178 spatio
896 3124 999 3178 quam
1019 3103 1221 3178 quadrantis
1237 3102 1330 3166 horae
1346 3103 1476 3166 facturn

275 3210 338 3278 est,
354 3223 481 3279 aquam
497 3223 606 3279 prope
621 3201 721 3265 vitrei
737 3201 882 3278 cylindri
897 3203 1040 3266 fundum
1057 3202 1231 3278 congelari
1248 3203 1477 3279 percepimus,

275 3301 471 3379 glaciesque
494 3302 611 3378 aliqua
635 3324 730 3366 mora
754 3302 871 3378 augeri
894 3303 1020 3379 coepit,
1041 3311 1074 3366 et
1098 3302 1349 3379 aliquantulum
1373 3324 1477 3379 supra

274 3401 459 3466 ambientis
482 3401 624 3478 liquoris
647 3401 864 3479 superficiem
888 3403 1085 3477 ascendere,
1104 3402 1139 3465 in
1156 3424 1259 3479 quem
1275 3410 1350 3466 tota
1366 3423 1475 3479 prope

274 3502 331 3565 nix
357 3511 392 3566 et
418 3501 469 3565 sal
493 3501 764 3566 resolvebantur.
813 3504 988 3580 Exempto
1014 3502 1093 3566 inde
1118 3503 1259 3566 tandem
1285 3502 1375 3566 vitro
1397 3524 1481 3565 con·

274 3602 372 3678 stitit,
392 3601 515 3678 glaciei
537 3601 757 3678 densitatem,
777 3601 991 3666 internorum
1008 3603 1096 3674 vitri,
1116 3603 1209 3678 quod
1224 3602 1472 3679 compleverat,

275 3703 421 3766 laterum
438 3701 646 3766 densitatem
663 3703 860 3780 adaequare3
883 3703 1023 3766 tametsi
1039 3704 1112 3780 ejus
1122 3712 1213 3766 esset
1226 3701 1479 3779 amplitudinis

275 3812 312 3866 ut
329 3802 363 3866 in
379 3801 463 3866 illud
479 3801 640 3880 pollicem
657 3802 832 3868 intrudere
848 3801 1009 3867 valerem.
1052 3802 1217 3880 Superior
1229 3802 1350 3878 glaciei
1362 3822 1481 3879 super-

274 3902 368 3966 ficies
397 3923 551 3967 concava
572 3901 673 3966 valde
701 3912 784 3967 erat.
834 3903 1024 3978 Postrem0,
1055 3902 1182 3978 glacies
1209 3902 1275 3966 luci
1301 3902 1477 3980 apposita,

275 4024 345 4066 non
368 4002 442 4066 sine
466 4001 566 4066 bullis
589 4001 693 4066 luisse
717 4003 888 4080 apparuit,
909 4002 1066 4078 quamvis
1082 4001 1189 4080 aliqui
1205 4024 1246 4065 ex
1262 4002 1482 4066 adstantibus

275 4103 455 4180 pauciores
481 4102 586 4166 luisse
612 4111 833 4167 autumarent
860 4125 963 4179 quam
991 4103 1018 4165 si
1045 4124 1135 4179 aqua
1162 4103 1196 4166 in
1223 4101 1372 4166 liberiori
1399 4123 1479 4166 aere

274 4201 456 4278 congelata
493 4201 624 4266 fuisset.
679 4202 798 4266 Simile
836 4202 1111 4280 experimentum
1148 4201 1216 4266 alio
1253 4212 1409 4280 tempore
1443 4202 1479 4266 in

277 4301 400 4365 minori
416 4301 605 4379 recipiente
622 4302 695 4380 pari
712 4324 789 4366 cum
806 4323 965 4366 successu
982 4302 1292 4379 comprobavimus

316 4401 410 4465 Alias
440 4410 561 4466 notum
586 4412 638 4466 est
662 4399 936 4480 experimentum
960 4402 1105 4478 glaciem
1128 4401 1310 4479 formandi,
1330 4401 1358 4465 si
1380 4401 1477 4478 veliS,
