3524 5314
522 756 790 821 EXPLORATIO
813 756 1066 836 QUALITATIS
1086 757 1206 820 SALIS
1341 775 1343 782 ’
1404 770 1438 835 15

341 959 389 1004 12.
434 941 493 1003 Per
513 942 667 1020 Saporem.
704 940 867 1018 Quaedam
885 942 970 1002 enim
995 942 1110 1002 salium
1127 959 1248 1020 genera
1274 959 1336 1002 non
1360 959 1440 1019 pure

246 1049 259 1078 s
294 1043 438 1122 sapiunt,
457 1043 513 1102 sed
531 1058 679 1120 saporem
697 1044 822 1103 habent
835 1043 970 1103 mixtum
983 1043 1281 1103 cumamaritudine
1298 1042 1350 1101 vel
1367 1059 1439 1101 cum

296 1143 400 1219 nitr0;
432 1144 455 1204 si
484 1144 569 1203 euim
602 1144 704 1203 multa
728 1143 950 1220 heterogenea
974 1144 1178 1222 reperiuntur
1205 1144 1236 1203 in
1261 1144 1341 1218 sale,
1367 1143 1440 1202 inde

294 1245 466 1305 attrahunt
497 1261 660 1323 saporem,
693 1243 778 1303 unde
809 1232 1000 1320 dignoscere
1027 1243 1103 1304 licet
1132 1245 1321 1320 qualitatem
1354 1243 1438 1320 ejus

295 1343 424 1405 Dantur
442 1345 540 1404 etiarn
558 1344 649 1418 salia,
667 1343 736 1403 fere
753 1343 902 1422 insipida,
920 1359 993 1420 quae
1011 1344 1131 1404 vilioris
1147 1344 1239 1422 pretii
1250 1349 1339 1404 sunt.
1384 1342 1442 1405 Sal

201 1455 204 1461 ‘
293 1443 500 1523 Hispanicum
516 1448 649 1523 putatur
666 1445 787 1504 habere
800 1460 948 1522 saporem
960 1444 1123 1520 quendam
1136 1445 1245 1521 gustui
1259 1461 1441 1522 repugnan-

296 1550 359 1603 tem
373 1567 380 1621 ;
396 1545 454 1608 Sal
466 1547 634 1626 purgatam
652 1545 703 1604 vel
721 1546 869 1606 recoctam
886 1561 1033 1623 saporem
1047 1561 1160 1623 purum
1174 1565 1181 1621 ;
1197 1542 1440 1624 Laaaburgicum

294 1643 411 1705 fortem
430 1653 464 1707 et
480 1647 626 1720 acidum:
643 1662 705 1722 quo
722 1645 808 1705 enim
825 1645 932 1723 purior
949 1662 1044 1723 sapor
1061 1662 1099 1706 eo
1117 1645 1232 1705 melius
1248 1647 1308 1706 sal.

339 1761 388 1823 13.
433 1745 627 1809 Parodoram
651 1745 849 1824 dignoscitur
872 1745 970 1805 etiam
987 1746 1140 1822 qualitas,
1166 1745 1300 1820 scilicet,
1325 1746 1351 1805 si
1376 1762 1439 1806 non

295 1848 378 1906 tetre
395 1847 518 1908 odoret.

342 1965 388 2023 14.
420 1945 718 2009 Persoiabililalam.
732 1946 837 2008 Unum
851 1963 956 2024 genus
969 1947 1046 2005 salis
1059 1945 1186 2006 facilius
1196 1947 1332 2006 solvitur
1343 1963 1439 2023 quam

295 2051 447 2122 alterum,
466 2049 535 2107 sive
552 2064 650 2125 super
666 2064 783 2107 carnes
794 2046 863 2106 siue
880 2063 976 2125 super
989 2047 1116 2124 pisces;
1133 2051 1251 2125 putant
1266 2047 1374 2123 aliqui,
1393 2048 1439 2106 sal

295 2168 332 2210 eo
350 2148 464 2208 melius
480 2164 567 2221 esse,
585 2163 648 2223 quo
664 2145 791 2207 facilius
807 2147 956 2221 solvitur,
969 2147 1050 2207 adeo
1065 2152 1100 2207 ut
1115 2147 1271 2225 optimum
1286 2148 1338 2222 sit,
1357 2148 1440 2223 quod

296 2267 359 2309 non
377 2247 539 2308 remanet¹
556 2246 663 2323 quoad
680 2248 777 2306 ullam
796 2251 920 2326 partem
938 2248 1126 2310 insolutum.
1162 2247 1220 2309 Sal
1235 2245 1451 2325 Hispanicum

295 2366 380 2427 aegre
413 2349 463 2407 uel
496 2348 584 2408 lente
610 2347 757 2421 solvitur,
789 2347 1021 2426 quodapparet
1038 2349 1121 2407 circa
1142 2347 1305 2408 carnium*
1330 2352 1363 2407 et
1379 2348 1440 2425 pis-

295 2449 378 2509 cium
402 2449 573 2524 salituras3
594 2447 652 2508 Sal
672 2450 820 2509 recoctum
846 2449 934 2508 lente
960 2449 1057 2508 etlam
1080 2448 1236 2524 solvitur;
1266 2448 1324 2509 Sal
1344 2448 1439 2509 Luae-

295 2548 453 2629 burgicum
470 2552 503 2607 et
519 2546 667 2608 Hailaasa
682 2546 820 2607 facilius.
858 2545 921 2608 Sed
945 2564 1048 2624 usque
1065 2548 1220 2627 optimum
1237 2564 1341 2626 genus
1364 2549 1441 2609 salis

295 2667 369 2710 esse
386 2650 480 2724 solet,
498 2648 582 2725 quod
599 2647 651 2707 diu
670 2653 818 2708 remanet
834 2648 1007 2725 integrum,
1029 2649 1115 2708 unde
1133 2649 1277 2709 saliturae
1295 2649 1439 2709 carnium

295 2755 328 2810 et
344 2749 476 2828 piscium
495 2765 551 2826 per
567 2749 614 2808 sal
633 2747 842 2825 Hispanicum
860 2749 981 2827 optime
998 2754 1210 2826 peraguntur.

341 2863 385 2927 15.
429 2847 774 2924 Paraaasaraaiioaem;
796 2865 859 2925 quo
883 2849 968 2908 enim
994 2849 1113 2909 diutius
1137 2854 1354 2910 conservatur
1378 2851 1439 2925 sal,

295 2955 473 3029 antequam
490 2951 637 3009 solvatur
653 2927 693 3008 ab
711 2948 841 3008 humido
858 2956 940 3024 aere,
954 2966 992 3010 eo
1010 2949 1111 3026 magis
1128 2949 1322 3011 aestimatur.
1366 2949 1441 3010 Pro-

296 3051 363 3110 bari
380 3052 439 3111 hoc
456 3055 578 3128 potest,
597 3049 622 3109 si
640 3053 830 3109 sternantur
847 3050 955 3126 aliqua
972 3066 1094 3127 genera
1107 3050 1222 3110 salium
1237 3067 1334 3128 super
1350 3067 1440 3110 asse-

295 3168 361 3210 rem
380 3151 557 3227 quendam,
576 3154 609 3210 et
627 3153 828 3227 reponuntur
845 3150 889 3210 sic
906 3151 936 3210 in
955 3151 1023 3210 loco
1040 3150 1172 3210 humido
1183 3171 1190 3226 ;
1209 3150 1293 3226 quod
1317 3150 1438 3210 diutius

297 3251 418 3311 resistit
435 3250 631 3324 humiditati,
649 3251 708 3309 hoc
726 3250 882 3327 optimum
901 3267 975 3310 esse
991 3255 1136 3328 putatur.

340 3350 387 3412 16.
433 3348 492 3412 Par
505 3349 708 3412 acrimoniam
725 3351 775 3409 uel
793 3349 986 3427 miditatem·
1002 3350 1059 3410 sed
1076 3351 1222 3428 probatio
1239 3351 1308 3410 haec
1326 3351 1439 3410 eadem

295 3457 346 3511 est
362 3468 433 3511 cum
452 3451 642 3529 probatione
659 3466 714 3527 per
732 3466 895 3528 saporem.
934 3448 965 3510 Si
979 3450 1181 3527 aliquantum
1196 3457 1267 3511 urat
1285 3451 1438 3528 linguam,

294 3556 328 3610 et
344 3551 527 3612 aciditatem
546 3551 754 3610 nihilominus
770 3550 886 3627 sapiat,
904 3551 1059 3628 optimum
1076 3568 1151 3637 esse
1168 3558 1312 3630 putatur.

340 3668 384 3726 17.
428 3651 520 3728 Quod
534 3653 690 3712 conseruet
703 3649 814 3728 optima
829 3650 942 3711 amaia·
965 3649 1098 3728 Signum
1112 3651 1393 3712 evidentissimum
1408 3657 1441 3712 et

294 3752 451 3830 optimum
477 3751 643 3828 qualitatis
668 3752 782 3810 salium
807 3754 858 3810 est
882 3751 967 3827 quod
990 3751 1097 3812 omnia
1121 3754 1205 3812 bene
1222 3736 1440 3828 conservent3

295 3869 394 3929 quum
405 3853 490 3911 enim
506 3868 623 3910 carnes
636 3852 687 3910 vel
696 3850 803 3928 pisces
815 3851 884 3910 sale
897 3851 1094 3927 conduntur,
1106 3857 1139 3912 et
1155 3869 1173 3911 a
1186 3852 1374 3930 putredine³
1387 3853 1439 3913 diu

293 3957 544 4026 conservantur,
559 3951 687 4028 signum
704 3956 755 4012 est
767 3952 843 4012 salis
859 3951 935 4010 illud
947 3968 1051 4028 genus
1063 3968 1137 4012 esse
1155 3953 1324 4031 optimum,
1345 3970 1438 4014 usum

294 4053 378 4113 enim
396 4057 532 4131 praestat
549 4068 645 4128 quem
664 4051 804 4111 maxime
821 4051 1008 4112 desiderant
1025 4053 1056 4112 ln
1073 4054 1153 4115 sale.
