3524 5314
329 759 486 825 COCYIO
507 759 627 824 SALIS
647 758 704 822 EX
725 757 853 838 AQUA
876 756 1089 823 FONTANA
1112 756 1272 821 HALLIS.
1356 769 1393 836 57

246 963 319 1008 cum
336 945 597 1006 accumulatione
614 945 728 1008 multa.
774 941 887 1020 Quum
905 944 1039 1022 repletae
1054 948 1132 1003 sunt
1147 945 1275 1018 corbes,
1287 941 1395 1003 altun-

246 1047 330 1108 ditur
346 1064 457 1107 rursus
473 1063 549 1125 pars
564 1045 659 1106 dictae
675 1045 845 1106 cerevisiae
861 1049 894 1104 et
911 1043 1088 1104 instituitur
1104 1043 1207 1103 coctio
1223 1061 1279 1121 per
1294 1045 1394 1120 quad·

248 1151 374 1208 rantem
397 1148 497 1221 lrorae,
523 1146 647 1206 scilicet
671 1151 706 1205 ut
729 1146 776 1205 sal
804 1127 895 1223 petat
918 1143 1075 1219 fundum3
1106 1161 1146 1203 ex
1176 1143 1277 1204 fundo
1308 1145 1396 1205 vasis

247 1249 398 1309 elevatur
415 1248 446 1307 in
463 1246 591 1307 corbes¹
609 1250 642 1306 et
665 1247 724 1306 hoc
749 1246 817 1305 sale
841 1245 1108 1320 accumulantur;
1131 1243 1247 1304 iterum
1278 1245 1395 1322 aliquid
1443 1320 1445 1324 Ι

247 1348 406 1409 cerevisae
422 1345 615 1422 affunditur,
626 1351 659 1406 et
674 1346 782 1423 aliqua
798 1346 900 1406 coctio
917 1344 1180 1422 instituitur,quo
1196 1343 1283 1406 tacto
1299 1362 1396 1406 omne

247 1450 294 1510 sal
318 1449 470 1509 eximitur
494 1458 527 1508 et
550 1448 682 1526 insuper
705 1445 855 1525 adjicitur
878 1445 937 1505 sali
960 1445 1066 1523 priori,
1092 1462 1194 1523 usque
1228 1447 1303 1506 dum
1327 1447 1397 1526 ipsa

248 1549 466 1610 accumulatio
479 1547 556 1609 salis
572 1549 602 1607 in
627 1549 742 1608 corbes
768 1551 878 1624 aequet
904 1545 1108 1607 altitudinem
1137 1547 1218 1625 ejus.
1255 1545 1318 1607 Sed
1345 1564 1394 1607 ca·
1511 1544 1516 1553 '

249 1649 390 1710 vendum
408 1653 472 1723 est,
491 1665 532 1708 ne
548 1649 634 1708 calor
651 1649 712 1708 sub
728 1645 826 1707 tinem
846 1645 940 1706 nimis
956 1651 1115 1722 augeatur
1131 1646 1213 1708 adeo
1241 1652 1277 1707 ut
1300 1666 1396 1709 omne

249 1749 418 1811 humidum
436 1753 632 1827 evaporatur
650 1752 683 1807 et
699 1764 783 1824 aqua
799 1745 890 1806 tundi
907 1747 1059 1822 siccetur,
1079 1764 1137 1806 nec
1161 1751 1197 1809 ut
1223 1749 1270 1808 sal
1288 1749 1396 1810 adhae·

250 1854 320 1911 reat
335 1848 574 1910 cuilibetiundi
592 1850 674 1924 ioco;
692 1848 718 1908 si
735 1848 795 1908 hoc
822 1846 871 1922 frt,
900 1845 996 1907 facile
1024 1847 1118 1907 exedi
1145 1852 1253 1926 potest
1280 1866 1340 1910 vas
1364 1855 1398 1910 et

249 1949 364 2027 frangi,
382 1950 467 2028 quod
484 1949 645 2010 interdum
656 1946 693 2008 frt
708 1965 780 2008 cum
795 1964 890 2023 sono;
906 1964 962 2026 per
975 1947 1162 2024 diligentem
1176 1949 1399 2028 circumagita-

250 2052 371 2112 tionem
389 2049 520 2111 obviam
542 2050 616 2109 huic
642 2048 844 2109 incommodo
868 2048 943 2109 itur.
990 2047 1121 2108 Pondus
1137 2049 1214 2109 salis
1236 2050 1266 2109 in
1283 2052 1400 2128 quavis

251 2153 348 2212 corbe
366 2168 442 2226 esse
459 2151 544 2210 solet
563 2148 600 2222 1}
616 2148 807 2219 centenarii,
831 2148 888 2208 sed
911 2165 984 2208 cum
1008 2148 1113 2208 adhuc
1141 2149 1307 2210 humidum
1335 2157 1398 2228 est,

251 2251 594 2331 ponderatzcenten.
641 2247 754 2326 Quum
784 2249 859 2309 nihil
886 2249 1026 2327 amplius
1053 2249 1218 2310 residuum
1247 2257 1309 2327 est,
1340 2253 1400 2312 nisi

251 2351 380 2413 tantilla
396 2368 472 2430 pars
488 2355 524 2410 ut
540 2350 634 2410 modo
650 2354 779 2427 tegatur
802 2348 936 2424 funduS,
965 2350 1107 2428 repletur
1134 2367 1194 2410 vas
1221 2368 1334 2412 rursus
1360 2354 1399 2414 ad

254 2469 372 2514 novam
389 2451 583 2526 coctionem,
600 2466 674 2526 quae
690 2449 726 2510 frt
753 2449 866 2510 eodem
896 2449 988 2510 modo
1014 2467 1078 2526 quo
1103 2451 1208 2529 prius:
1236 2454 1400 2532 peragitur

252 2553 326 2613 talis
341 2553 444 2613 coctio
460 2552 566 2630 spatio
581 2567 601 2627 4
617 2551 767 2611 horarum
785 2555 819 2610 et
834 2549 997 2610 interdum
1014 2551 1118 2629 spatio
1135 2552 1284 2615 breviori.
1328 2554 1401 2615 Ob-

252 2653 452 2714 servandum
469 2656 532 2727 est,
550 2651 634 2729 quod
651 2651 678 2711 si
694 2651 905 2711 continuetur
921 2651 1024 2711 coctio
1040 2652 1071 2710 in
1089 2668 1153 2711 uno
1170 2669 1251 2712 vase
1275 2671 1331 2732 per
1356 2657 1400 2716 bi·

254 2772 314 2815 nas
330 2754 411 2829 dieS,
428 2753 513 2829 quod
536 2753 685 2830 quaedam
699 2754 808 2812 crusta
823 2749 925 2810 tundo
948 2750 1096 2828 affigatur
1118 2769 1192 2829 quae
1210 2753 1285 2814 inde
1308 2773 1401 2835 sepa-

252 2855 314 2916 rari
330 2854 462 2915 omnino
478 2853 588 2928 debet,
607 2851 748 2912 sed-fieri
765 2854 824 2913 hoc
839 2851 961 2930 nequit,
978 2852 1038 2911 nisi
1054 2851 1221 2914 auferatur
1237 2855 1311 2915 inde
1328 2874 1400 2920 vas

254 2954 368 3033 Quum
384 2954 518 3015 tandem
535 2951 646 3013 finitur
661 2953 774 3023 coctio,
793 2952 945 3031 impletur
961 2969 1021 3012 vas
1043 2969 1128 3028 aqua
1151 2957 1326 3032 communi,
1344 2959 1403 3018 sci·

254 3057 330 3118 licet
346 3060 380 3115 ut
399 3053 534 3115 materia
550 3052 641 3114 tundi
658 3054 744 3113 bene
761 3053 909 3113 solvatur
936 3057 969 3114 et
995 3071 1013 3112 a
1037 3055 1216 3132 parietibus
1232 3063 1402 3136 separetur

254 3173 358 3234 usque
375 3155 451 3216 dum
471 3171 556 3215 nova
572 3154 676 3215 coctio
693 3152 837 3232 incipiat.

297 3255 419 3335 Siquid
436 3255 555 3334 pingue
578 3254 621 3315 sit
650 3255 682 3313 in
710 3271 803 3329 vase,
830 3270 915 3331 aqua
939 3253 979 3313 ad
1004 3255 1265 3332 granulationem
1293 3260 1405 3336 nequit

255 3357 354 3435 redigi
370 3361 547 3433 antequam
565 3353 689 3414 tundus
705 3352 897 3432 purificatus
913 3353 967 3414 sit.

298 3456 435 3517 Peracta
450 3455 609 3530 coctione,
627 3458 798 3534 portantur
814 3455 929 3514 corbes
945 3455 976 3514 in
993 3459 1118 3534 partem
1135 3457 1332 3535 superiorem
1350 3459 1403 3521 do·

257 3575 341 3631 muS,
358 3573 432 3634 quae
447 3555 582 3616 calescit
598 3555 701 3616 instar
718 3555 838 3631 balnei,
857 3558 890 3614 et
903 3554 945 3615 ibi
968 3555 999 3615 in
1025 3556 1137 3616 ordine
1162 3559 1346 3620 relocantur
1371 3566 1404 3621 et

256 3659 497 3736 relinquuntur,
514 3657 589 3716 dum
607 3657 654 3716 sal
672 3673 768 3716 omne
784 3655 942 3716 siccatum
959 3657 1056 3735 plene
1073 3658 1126 3718 sit.
1184 3639 1188 3647 ¹

299 3757 430 3836 Quavis
456 3757 639 3836 septimana
666 3757 737 3816 slve
753 3755 858 3834 spatio
884 3755 953 3832 144²
975 3757 1125 3817 horarum
1150 3758 1340 3821 obtinentur
1368 3762 1406 3839 36

255 3858 363 3935 werck,
378 3863 414 3918 ut
426 3858 645 3936 appellantur,
670 3859 722 3917 vel
746 3872 784 3932 72
802 3855 941 3932 corbes¹,
960 3860 993 3917 et
1016 3863 1254 3919 consumuntur
1274 3861 1332 3921 160
1354 3866 1404 3922 zd-

258 3962 315 4021 ber
331 3975 437 4037 aquae,
447 3964 481 4018 et
492 3973 528 4034 14
544 3957 583 4018 ad
600 3971 634 4035 15
649 3958 797 4018 canthari
810 3957 991 4033 cerevisiae,
1003 3956 1404 4040 schwenkenbierappella-

257 4067 313 4137 tae,
330 4066 364 4122 et
380 4075 398 4120 2
415 4061 467 4120 vel
491 4057 531 4132 al
553 4060 701 4120 canthari
724 4059 891 4136 sanquinis
907 4058 1031 4120 bovini.
1077 4057 1218 4136 Quaevis
1240 4062 1358 4123 corbis⁴
1373 4063 1405 4123 in

258 4179 319 4222 usu
336 4178 410 4221 esse
426 4164 536 4239 potest
551 4176 608 4239 per
638 4175 673 4220 12
699 4160 751 4219 vel
782 4175 819 4235 14
843 4159 945 4234 vices,
968 4163 1002 4218 et
1028 4159 1182 4220 lavanda⁶
1207 4166 1259 4221 est
1284 4161 1405 4239 optime

258 4263 342 4322 inter
354 4260 506 4340 quamvis
523 4261 751 4339 repletionem.

301 4361 452 4423 Portatur
468 4362 605 4440 primum
622 4378 707 4438 aqua
724 4360 828 4420 salina
846 4377 886 4420 ex
903 4359 1011 4439 puteis
1027 4360 1058 4419 in
1086 4363 1306 4439 receptacula,
1332 4380 1407 4440 quae

257 4461 387 4524 dimidia
403 4466 495 4540 parte
512 4466 603 4528 stant
619 4462 650 4522 in
668 4461 763 4522 domo
780 4465 813 4522 et
828 4461 958 4521 dimidia
976 4465 1082 4538 extra,
1101 4464 1135 4519 et
1159 4461 1234 4521 inde
1258 4466 1406 4524 exantla-
1425 4529 1428 4536 ,
