3442 5302
238 773 508 839 PURIFICAHO
530 774 651 838 SALIS
674 773 752 838 VEL
772 773 982 839 RECOC‘HO
1003 773 1284 840 DORDRECHTI
1318 793 1359 856 79

209 961 276 1023 Sub
294 978 374 1022 vase
390 965 579 1022 exstructus
593 939 644 1020 est
657 977 769 1020 murus
782 959 942 1054 ejusdem¹
959 960 1167 1021 rotunditatis
1179 965 1213 1021 et
1234 963 1360 1039 capaci·

210 1062 287 1122 tatis
304 1061 344 1121 ad
360 1061 567 1122 altitudinem
583 1061 603 1122 8
618 1058 749 1139 pedum.
782 1058 915 1120 Circum
933 1061 1017 1120 circa
1030 1061 1060 1120 in
1075 1078 1166 1121 muro
1179 1063 1238 1121 boc
1251 1066 1329 1122 sunt
1344 1077 1359 1138 3

208 1163 332 1241 januae;
348 1179 405 1241 per
423 1162 516 1222 binas
533 1160 690 1222 emittitur
706 1158 827 1235 tumus,
842 1177 899 1239 per
915 1160 1045 1221 tertium
1060 1161 1246 1238 injiciuntur
1263 1167 1358 1222 terrae

209 1262 469 1338 combustibiles;
493 1262 543 1324 bic
562 1261 670 1321 nullus
687 1261 846 1338 lignorum
865 1278 945 1320 usus
961 1261 1018 1322 sed
1041 1261 1220 1322 instituitur
1237 1275 1358 1342 evapo-

210 1364 291 1424 ratio
307 1379 364 1442 per
380 1362 498 1423 dictam
515 1367 649 1422 terram.
1107 1437 1109 1441 ι

252 1461 391 1524 Cortina
421 1464 491 1524 baec
523 1463 666 1541 repletur
698 1461 806 1522 lixivio
837 1478 940 1538 usque
967 1461 1007 1521 ad
1032 1462 1269 1538 summitatem,
1294 1480 1358 1541 quo

210 1561 310 1639 lacto,
341 1563 528 1642 injiciuntur
565 1561 729 1641 praedictae
759 1565 855 1622 terrae
878 1554 1125 1622 combustibiles
1147 1579 1203 1640 per
1224 1564 1357 1641 januam

210 1663 419 1734 anteriorem,
436 1668 470 1724 et
485 1663 587 1724 coctio
603 1663 705 1741 prima
723 1662 912 1722 vehementi
925 1661 1005 1722 satis
1021 1662 1095 1740 igne
1111 1663 1287 1740 peragitur,
1305 1665 1358 1741 qui

209 1765 418 1826 continuatur
435 1764 510 1825 dum
528 1780 585 1843 per
601 1762 716 1822 indicia
729 1762 938 1840 dignoscatur
950 1779 1026 1822 num
1040 1764 1296 1841 cbrystallisatio
1313 1765 1360 1825 in·

210 1859 326 1944 cipiat;
348 1863 432 1942 quod
457 1863 531 1924 dum
555 1864 762 1938 observatur,
787 1862 975 1922 diminuitur
999 1863 1081 1940 ignis
1104 1868 1138 1923 et
1163 1864 1359 1926 clauduntur
1474 1901 1477 1908 ι

209 1965 331 2043 januae,
347 1969 382 2025 ut
394 1963 518 2025 scilicet
531 1963 594 2041 igni
619 1963 724 2023 omnis
739 1969 891 2041 apertura
908 1964 1137 2041 praecludatur.
1183 1963 1276 2025 Tunc
1298 1968 1359 2044 pri·

211 2081 297 2125 mum
315 2064 425 2143 incipit
441 2063 698 2142 chrystallisatio
714 2067 747 2124 et
763 2063 810 2122 sal
828 2061 964 2122 fundum
983 2063 1084 2142 petit:
1109 2065 1260 2125 eximitur
1283 2066 1359 2127 inde

211 2165 258 2225 sal
275 2169 309 2225 et
327 2182 412 2225 nova
430 2164 532 2225 muria
548 2163 697 2244 adjicitur
714 2168 747 2223 et
763 2162 901 2223 coctioni
925 2163 1109 2241 subjicitur.
1154 2161 1207 2225 Sal
1226 2167 1285 2226 boc
1302 2184 1360 2244 pu·

210 2263 369 2325 rifrcatum
394 2263 582 2343 majusculis
604 2264 714 2342 granis
736 2268 877 2334 constat,
900 2267 1016 2340 estque
1039 2265 1230 2342 plerumque
1246 2265 1358 2344 figurae

210 2365 433 2444 pyramidalis,
458 2369 491 2425 et
514 2369 712 2425 excavatum
739 2363 841 2424 veluti
864 2365 998 2440 subter;
1021 2369 1159 2441 augetur
1176 2366 1223 2425 sal
1241 2367 1282 2426 ab
1303 2382 1360 2427 100

211 2465 251 2526 ad
271 2466 340 2543 165,
358 2465 456 2526 etiam
474 2465 505 2524 ln
522 2465 625 2543 pretio
642 2465 682 2525 ab
704 2480 739 2540 14
754 2463 794 2524 ad
814 2480 861 2539 17,
881 2465 983 2542 magis
1007 2465 1190 2542 minusque.

252 2564 439 2628 Notandum
457 2569 508 2625 est
522 2564 607 2643 quod
623 2565 670 2624 sal
689 2565 829 2625 melioris
845 2563 960 2625 indolis
976 2564 1033 2625 frat
1046 2564 1071 2623 si
1085 2565 1186 2626 coctio
1201 2567 1252 2626 vel
1267 2569 1360 2627 ebul-

211 2665 278 2727 litio
307 2682 402 2744 aquae
432 2666 463 2725 in
491 2664 644 2743 principio
668 2665 710 2726 sit
732 2663 826 2726 fortis
843 2669 876 2724 et
894 2667 1097 2742 venemens3
1121 2666 1267 2742 tandem,
1286 2685 1358 2728 cum

210 2766 467 2845 chrystallisatio
483 2765 594 2840 oritur,
612 2765 755 2844 tepidum
774 2765 868 2826 modo
880 2765 1024 2825 lixivium
1038 2782 1112 2826 esse
1138 2783 1196 2826 nec
1220 2770 1360 2828 subesse

211 2867 293 2944 ignis
319 2866 438 2943 debet,
465 2866 523 2926 sed
550 2868 629 2926 ante
656 2866 988 2943 chrystallisationem
1017 2867 1114 2942 banc,
1139 2866 1268 2928 dimidia
1285 2886 1361 2947 pars

212 2983 305 3044 aquae
321 2984 377 3046 per
399 2965 666 3045 evaporationem
690 2970 742 3026 est
757 2965 958 3044 disjicienda.
1004 2964 1075 3044 lpsa
1091 2967 1360 3046 chrystallisatio,

211 3084 284 3144 quae
300 3069 331 3127 in
359 3071 471 3144 tepore
497 3066 637 3143 quodam
665 3065 841 3145 peragitur,
871 3083 934 3126 non
962 3066 1073 3145 incipit
1088 3067 1119 3126 io
1136 3065 1238 3128 tundo
1254 3070 1312 3129 sed
1329 3070 1359 3130 in

211 3167 278 3245 ipsa
295 3165 486 3245 superficie3
510 3167 542 3227 in
559 3164 731 3245 superficie
748 3167 833 3226 enim
851 3167 973 3226 crusta’
990 3168 1091 3245 magis
1107 3172 1140 3228 et
1154 3169 1256 3246 magis
1271 3187 1361 3246 quae-

212 3268 284 3328 dam
301 3267 465 3343 increscit,
493 3267 626 3328 tandem
645 3266 801 3346 rumpitur
829 3270 863 3326 et
878 3266 1013 3327 fundum
1031 3268 1122 3343 quasi
1140 3269 1284 3348 pondere
1301 3288 1360 3331 suo

212 3368 310 3447 petit,
332 3368 474 3446 speciem
491 3367 654 3445 quandem
672 3367 785 3444 glaciei
799 3364 899 3428 refert
911 3368 981 3427 baec
997 3372 1117 3430 crusta.
1161 3367 1296 3447 Signum
1314 3371 1360 3430 in-

211 3469 361 3529 choantis
387 3467 631 3529 incrustationis
658 3473 709 3528 est
735 3467 819 3543 quod
844 3468 980 3544 granula
1005 3485 1102 3546 super
1128 3486 1246 3546 aquam
1274 3473 1358 3532 sein

212 3585 312 3629 unum
328 3569 421 3645 quasi
437 3567 602 3646 colligant,
626 3584 700 3646 quae
723 3567 952 3628 combinantur
975 3568 1107 3628 tandem
1127 3569 1158 3628 in
1176 3570 1358 3647 pelliculam

211 3669 373 3747 quandam
391 3673 424 3729 et
439 3668 513 3729 dein
530 3667 562 3729 in
578 3673 721 3730 crustam
735 3667 931 3743 densiorem,
945 3667 1030 3744 quod
1048 3667 1083 3729 tit
1096 3669 1171 3729 dum
1185 3672 1360 3748 tranquilla

210 3774 276 3831 stat
291 3769 419 3831 solutio.
464 3768 496 3829 ln
514 3770 574 3830 boc
590 3772 681 3829 statu
698 3772 835 3847 apparet
852 3767 997 3828 lixivium
1015 3770 1131 3830 coloris
1154 3769 1282 3830 brunei⁸
1308 3789 1359 3833 ru·

212 3869 391 3930 bescentis.

253 3971 390 4031 Peracta
406 3969 509 4049 prima
520 3968 723 4044 ebullitione,
735 3968 863 4047 ejicitur
876 3966 909 4028 in
926 3968 1131 4047 superficiem
1144 3987 1260 4048 spuma
1271 3989 1360 4050 quae·

211 4069 283 4130 dam
299 4087 375 4148 quae
385 4070 521 4149 plurima
538 4070 725 4149 impuritate
738 4072 773 4129 et
784 4067 866 4128 taece
878 4073 1021 4145 constat,
1034 4070 1091 4130 sed
1107 4074 1143 4130 ut
1154 4071 1291 4150 primum
1306 4092 1361 4153 ap·

210 4175 301 4249 paret
329 4171 383 4231 illa
413 4186 542 4248 spuma,
573 4171 736 4245 eximitur,
765 4173 798 4230 et
828 4169 942 4230 eodem
968 4175 1133 4231 momento
1156 4171 1358 4250 diminuitur,

211 4272 306 4349 ignis;
323 4271 384 4332 nisi
400 4269 486 4331 enim
500 4270 582 4348 ignis
594 4269 806 4344 diminuatur,
825 4269 1081 4348 chrystallisatio
1104 4287 1169 4331 non
1194 4271 1255 4332 nisi
1271 4289 1358 4351 aegre

211 4375 320 4451 potest
334 4371 459 4451 peragi,
474 4371 531 4431 sed
544 4370 585 4431 ad
600 4368 737 4432 fundum
754 4370 916 4431 delabitur
939 4368 1054 4431 farinae
1078 4368 1193 4446 instar,
1222 4375 1255 4432 et
1281 4373 1356 4433 inae·

210 4473 315 4548 qualis
329 4471 443 4550 frgurae
459 4476 522 4533 est.
569 4470 718 4532 Persistit
730 4471 921 4550 evaporatio
933 4487 990 4550 per
1002 4470 1142 4549 spatium
1159 4471 1180 4532 6
1195 4473 1357 4536 horarum.

255 4571 390 4634 Peracta
406 4571 607 4651 operatione,
625 4572 671 4634 sal
688 4570 824 4633 fundum
851 4571 944 4651 petit,
975 4575 1009 4632 et
1037 4569 1217 4633 crassitiem
1248 4579 1358 4651 aequat
