3524 5314
541 935 859 1015 PRAEFATIO
886 936 1151 1019 EDITORIS

286 1163 364 1224 Hoc
390 1163 447 1223 DE
475 1162 570 1222 SALE
598 1160 800 1238 opusculum
829 1183 919 1225 nunc
947 1162 1094 1239 primum
1121 1162 1214 1240 typis
1237 1161 1366 1226 editum
1391 1170 1443 1225 est

237 1253 431 1324 'secundum
443 1259 624 1323 eonsilium
641 1282 660 1322 a
678 1262 759 1323 Dno
771 1259 852 1323 Carl
869 1262 914 1338 Hj
932 1261 1124 1340 Asplundh,
1140 1261 1316 1326 'thesaurio
1332 1260 1444 1338 primo

242 1361 420 1424 societatis
447 1362 703 1424 Swuuuussono
730 1362 942 1422 Soruurrrro
968 1363 1219 1438 Assocmrrou‚
1246 1361 1442 1425 institutum

241 1459 458 1537 autographa
475 1461 735 1536 Swedenborgii
751 1460 867 1524 omnia
883 1461 1073 1525 scientifica
1090 1471 1123 1525 et
1140 1461 1382 1540 philosophica
1394 1458 1444 1524 in'-

242 1561 334 1624 edita
350 1559 601 1624 transcribendi
626 1570 659 1623 et
682 1559 717 1622 in
741 1559 916 1637 publicum
942 1561 1194 1638 promulgandi.
1242 1564 1282 1624 In
1298 1560 1443 1625 oonsilio

242 1661 317 1736 hoc,
338 1661 431 1737 quod
453 1659 618 1723 videatur
633 1660 667 1722 in
692 1662 783 1722 NEW
808 1661 1036 1724 PHILOSOPHY
1057 1661 1138 1730 anni
1164 1663 1253 1737 1901,
1274 1684 1306 1738 p.
1325 1663 1439 1731 85-87.

242 1769 341 1823 notat
358 1762 457 1822 Dnus
472 1756 654 1836 Asplundh
670 1758 855 1836 plusquam
871 1762 968 1835 9500
987 1761 1132 1839 paginas
1147 1762 1442 1838 autographorum

241 1860 363 1923 talium
379 1859 587 1923 ineditorum
605 1880 679 1922 esse
696 1881 702 1933 ;
726 1881 854 1936 easque
872 1881 1034 1937 processu
1052 1860 1268 1939 phototypiae
1283 1861 1317 1924 in
1334 1855 1445 1938 publi-

241 1982 319 2024 cum
335 1961 428 2034 dare,
449 1960 541 2036 quod
558 1959 697 2035 quidem
721 1958 891 2036 optimum
909 1971 1010 2037 esset,
1031 1961 1165 2024 ratione
1182 1960 1349 2038 impendii
1372 1981 1442 2024 non

241 2060 315 2122 fieri
336 2081 448 2137 posse.
498 2059 664 2137 Proponit
689 2080 770 2134 ergo
795 2059 900 2123 alium
924 2062 1064 2125 modum
1088 2060 1163 2124 illas
1187 2059 1439 2138 promulgandi,

241 2159 382 2235 scilicet,
413 2180 519 2236 opera
550 2159 599 2221 uti
628 2159 891 2222 transcribentis
923 2159 1135 2224 Holmiensis
1165 2162 1208 2225 ad
1234 2160 1311 2224 illas
1337 2182 1442 2223 manu

240 2260 529 2334 transcribendas,
549 2259 629 2322 dein
646 2258 804 2336 exempla
822 2259 871 2323 ita
888 2260 980 2324 facta
996 2261 1089 2338 typis
1104 2261 1312 2338 imprimere.

283 2359 436 2424 Consilio
463 2358 529 2422 hoc
555 2360 761 2436 approbato,
791 2381 811 2423 a
837 2371 1011 2424 conventu
1037 2361 1215 2424 societatis
1241 2382 1334 2424 anno
1362 2361 1441 2424 1901

240 2467 311 2522 tres
340 2459 434 2534 socii,
463 2459 594 2522 seilicet
625 2461 751 2522 FRANK
781 2461 946 2537 SEWALL,
977 2462 1076 2524 CARL
1106 2463 1156 2538 HJ
1182 2463 1380 2524 Aspruunn
1408 2468 1441 2523 et

240 2563 391 2622 ALFRED
405 2562 529 2622 Acron
546 2559 672 2622 delecti
688 2570 768 2623 sunt
785 2561 843 2637 qui
860 2581 947 2638 opus
960 2570 1215 2638 promoverent,
1236 2561 1320 2625 etin
1337 2562 1440 2624 finem

241 2660 475 2724 desideratum
492 2660 668 2723 ducerent.

281 2759 585 2836 Autographorum
613 2759 836 2836 transcriptio
866 2761 988 2824 eodem
1019 2781 1111 2822 anno
1141 2762 1185 2823 ab
1215 2760 1268 2823 his
1297 2760 1441 2824 delectis

241 2859 359 2922 statim
383 2859 541 2922 instituta
558 2868 619 2922 est.
670 2860 787 2936 ipsum
805 2880 892 2936 opus
910 2862 973 2923 sub
995 2881 1077 2923 cura
1093 2851 1195 2923 Rev‘li
1220 2856 1372 2936 JOSEPHI
1396 2860 1438 2924 Ε.

243 2960 423 3033 ΒοΥΕεΕΝ,
459 2958 631 3034 Holmiae,
666 2969 885 3036 progressum
923 2969 975 3023 est
1012 2961 1056 3023 ab
1089 2967 1257 3024 autumno
1288 2961 1367 3023 1901
1398 2961 1441 3024 ad
1512 2945 1519 3039 J

241 3061 444 3134 Augustum,
473 3059 563 3134 1902,
586 3079 656 3135 quo
679 3059 713 3121 in
738 3081 856 3122 mense
883 3062 982 3122 Dnus
1004 3062 1155 3123 ALFRED
1179 3061 1223 3124 H.
1245 3061 1379 3136 STROH,
1406 3059 1440 3123 in

242 3158 420 3222 Holmiam
436 3158 536 3235 hujus
551 3159 600 3221 rei
616 3158 759 3234 gratiaa
777 3161 1033 3221 Swennxssono
1049 3161 1261 3222 Soruurnuc
1275 3162 1442 3223 Assocm-

240 3277 325 3321 Tlou
350 3258 483 3333 missuS,
505 3279 591 3334 opus
616 3279 718 3335 porro
734 3260 882 3323 ducebat
899 3258 1003 3335 idque
1019 3280 1153 3323 summa
1168 3281 1246 3323 cum
1263 3259 1441 3335 diligentia

242 3357 390 3421 maxime
407 3359 645 3435 promovebat.
688 3359 760 3421 Sub
773 3357 972 3422 laudissima
984 3379 1045 3422 sua
1057 3381 1138 3422 cura
1151 3359 1267 3422 omnia
1280 3360 1442 3422 Sweden·

240 3458 350 3534 borgii
366 3456 661 3534 autographorum
677 3459 860 3534 sequentia
877 3481 981 3522 manu
997 3459 1168 3536 exscripta
1184 3468 1273 3535 sunt,
1289 3459 1441 3523 scilieet:

324 3558 443 3622 Codex
458 3560 507 3621 36.
556 3559 732 3634 Excerpta
749 3579 790 3620 ex
805 3559 1002 3633 Aristotele,
1023 3557 1179 3634 Platone,
1200 3559 1259 3622 &o

325 3659 444 3722 Codex
459 3660 508 3722 37.
557 3659 665 3721 Index
682 3658 865 3722 Variorum
882 3658 1217 3736 Philosophicorum.

326 3759 443 3823 Codex
459 3761 509 3822 81.
558 3760 611 3820 De
630 3759 803 3834 Magnete.
1213 3781 1215 3783 ·

278 3875 288 3903 ³
326 3859 443 3923 Codex
458 3860 508 3921 82.
558 3859 611 3920 De
627 3857 800 3936 Sulphure
817 3867 851 3922 et
869 3860 995 3935 Pyrite.

231 4041 234 4047 Ι
325 3959 444 4022 Codex
458 3961 509 4021 83.
558 3960 611 4020 De
629 3958 709 4022 Sale
725 3958 925 4024 Communi.¹

324 4059 443 4122 Codex
457 4060 507 4122 84.
557 4059 610 4120 De
627 4058 829 4122 Secretione
844 4059 989 4135 Argenti
1005 4067 1039 4122 et
1056 4059 1171 4137 Cupri,
1192 4061 1251 4124 &o

326 4159 443 4222 Codex
458 4161 509 4222 85.
558 4161 611 4221 De
628 4158 806 4223 Victriolo

324 4259 443 4322 Codex
457 4261 507 4322 86.
557 4258 779 4322 Geometrica
802 4267 837 4322 et
861 4258 1066 4335 Algebraica
1087 4255 1260 4336 (exceptis
1283 4262 1441 4338 partibus

283 4366 357 4421 arte
375 4357 741 4436 photolithographica
755 4359 909 4436 jamdum
925 4359 960 4422 in
977 4359 1151 4437 publicum
1168 4357 1285 4432 datis).
