3524 5314
840 456 846 488 l

320 683 359 745 42
684 667 741 733 DE
762 669 870 735 SALE
892 667 1108 734 COMMUNI

320 856 391 915 sitie
413 853 447 938 ½
466 856 607 932 pollicis;
625 857 755 915 laminae
770 856 834 915 illae
850 873 923 915 cum
940 856 1043 916 clavis
1059 855 1247 917 fortioribus
1264 858 1468 934 conjungun-

320 961 384 1033 tur,
402 963 436 1020 et
457 958 518 1018 illis
542 962 772 1034 supponuntur
789 956 887 1034 virgae
904 955 1020 1017 lerreae
1036 957 1226 1032 crassiores,
1253 974 1306 1031 ne,
1331 957 1466 1032 scilicet,

320 1074 379 1118 vas
396 1063 461 1120 tam
479 1057 634 1135 amplum¹
647 1057 678 1117 in
694 1057 799 1117 medio
817 1057 868 1117 vel
880 1057 998 1117 alicubi
1012 1057 1174 1118 subsidat.
1218 1057 1363 1119 Altitudo
1380 1057 1468 1118 vasis

320 1164 372 1220 est
391 1160 427 1222 18
443 1159 607 1239 pollrcum,
627 1157 684 1217 sed
708 1158 851 1236 repletur
874 1174 959 1235 aqua
983 1157 1023 1218 ad
1046 1158 1252 1219 altitudinem
1277 1163 1406 1218 tantum
1433 1171 1467 1236 15

319 1259 489 1338 digitorum
503 1280 511 1336 ;
526 1259 615 1318 intus
630 1259 783 1327 oblinitur
799 1259 900 1328 calce,
918 1257 992 1318 inde
1009 1259 1107 1318 etiam
1132 1257 1294 1336 provenit,
1319 1258 1404 1335 quod
1420 1259 1467 1318 sal

319 1362 457 1440 primum
475 1377 516 1420 ex
533 1375 613 1419 vase
630 1359 783 1436 prodiens
800 1375 862 1419 non
878 1358 958 1436 justi
980 1358 1129 1419 candoris
1153 1359 1205 1419 vel
1230 1359 1390 1420 albedinis
1412 1359 1466 1420 sit.

319 1461 431 1522 lllurus
443 1461 493 1520 cui
507 1459 627 1520 insistit
640 1460 764 1520 cortina
777 1463 964 1538 aperturam
979 1459 1062 1519 inira
1074 1460 1174 1521 trabet
1185 1460 1343 1537 aequalem
1356 1460 1470 1539 ampli-

314 1562 418 1622 tudini
436 1562 536 1636 vasis‚
554 1559 735 1620 simillimus
751 1560 878 1620 camino
896 1559 950 1620 ubi
965 1560 1135 1620 cerevisiae
1147 1565 1304 1638 parantur
1315 1581 1323 1637 ;
1340 1551 1420 1620 infra
1436 1560 1467 1620 in

318 1663 495 1722 cavitatem
513 1662 599 1721 illam
617 1661 804 1739 injiciuntur
826 1663 987 1721 carbones
1009 1660 1152 1736 fossiles,
1177 1661 1230 1738 qui
1254 1660 1386 1721 llamma
1409 1677 1468 1720 sua

318 1761 517 1824 calefaciunt
533 1779 593 1821 vas
609 1762 668 1822 hoc
686 1760 871 1838 impositum
889 1762 1167 1840 evaporatorium.
1213 1761 1239 1822 Α
1261 1766 1353 1840 parte
1376 1765 1468 1822 ante·

319 1865 399 1924 riore
416 1863 555 1940 exiguus
571 1867 622 1922 est
639 1863 728 1922 locus
745 1878 913 1940 perquem
931 1866 965 1922 et
983 1879 1039 1941 per
1055 1863 1241 1939 contiguum
1259 1863 1288 1921 ei
1300 1861 1467 1922 fornacem

318 1964 477 2025 emittitur
492 1962 614 2038 fumus,
633 1962 821 2040 injiciuntur
836 1962 936 2022 etiam
953 1962 995 2023 ibi
1012 1979 1068 2041 per
1085 1967 1271 2040 aperturam
1293 1964 1466 2036 carbones,

318 2064 375 2126 sed
392 2063 433 2124 ad
451 2064 573 2139 latera;
589 2062 721 2123 flamma
739 2063 813 2122 inde
830 2062 920 2123 volat
943 2068 1016 2123 tam.
1034 2063 1065 2123 in
1091 2063 1231 2123 medium
1256 2062 1347 2123 fundi
1370 2080 1480 2140 quam¹

318 2165 357 2224 ad
374 2166 478 2224 latera
494 2164 595 2227 vasis.
642 2164 804 2242 Apertum
817 2163 870 2223 illa
883 2180 985 2242 parva
996 2164 1098 2241 janua
1110 2164 1249 2242 quadam
1265 2169 1316 2224 est
1330 2164 1466 2239 munita,

318 2281 393 2343 quae
409 2281 539 2343 semper
555 2265 668 2324 clausa
684 2268 848 2339 servatur,
867 2269 900 2325 et
915 2269 994 2324 tunc
1013 2263 1107 2325 modo
1123 2265 1266 2343 aperitur
1289 2281 1362 2325 cum
1386 2263 1468 2342 ignis

293 2429 296 2436 ,
320 2365 550 2427 diminuendus
565 2370 617 2425 est
633 2365 694 2424 sub
713 2381 803 2425 vase.
850 2364 914 2426 Vas
936 2365 1038 2425 semel
1055 2365 1171 2442 quovis
1188 2381 1301 2425 mense
1323 2361 1466 2425 eximen-

319 2466 395 2527 dum
413 2471 475 2541 est,
493 2476 526 2526 et
538 2464 756 2544 purgandum,
771 2469 804 2525 et
816 2466 906 2524 calce
919 2465 1144 2541 oblinendum,
1159 2470 1337 2542 antequam
1351 2483 1368 2525 e
1383 2482 1468 2527 novo

321 2570 351 2628 in
371 2585 449 2627 usus
465 2565 610 2626 adlriberi
628 2566 743 2644 possit.

364 2666 450 2729 Cum
467 2667 576 2745 itaque
593 2683 652 2726 vas
668 2667 710 2727 sit
725 2665 920 2727 calefactum
939 2668 1037 2742 bene,
1062 2666 1245 2727 immittitur
1268 2671 1347 2727 tunc
1371 2683 1466 2743 aqua,

320 2775 353 2830 et
369 2768 450 2846 ignis
466 2769 497 2828 in
514 2767 668 2847 principio
691 2767 863 2828 admodum
888 2772 1038 2845 augetur,
1063 2768 1145 2828 adeo
1169 2773 1204 2828 ut
1227 2784 1312 2845 aqua
1334 2784 1469 2846 spumas

322 2871 442 2930 multas
457 2869 566 2947 ejiciat
583 2873 616 2928 et
633 2868 748 2928 liberet
764 2885 800 2928 se
817 2869 858 2928 ab
874 2869 960 2928 omni
978 2885 1037 2928 suo
1049 2868 1266 2945 immunditie;
1280 2886 1397 2947 spuma
1414 2885 1467 2946 ap·

320 2975 413 3050 paret
429 2969 545 3031 coloris
561 2969 644 3045 albi;
662 2974 762 3046 utque
778 2986 817 3028 eo
834 2969 951 3029 melius
968 2969 1131 3047 redigatur
1148 2969 1179 3029 in
1204 2986 1348 3048 spumas
1377 2985 1388 3028 r
1416 2969 1466 3028 vel
1536 2991 1542 3004 ·

320 3087 337 3132 2
355 3070 538 3132 cochlearia
555 3068 736 3147 sanguinis²
753 3085 864 3129 vaccae
881 3069 933 3128 vel
951 3070 1073 3145 bovini,
1092 3071 1143 3129 vel
1161 3070 1316 3130 albumen
1341 3085 1353 3129 r
1380 3070 1467 3130 vela

319 3189 468 3247 ovorum,
487 3170 660 3230 misceatur
676 3174 709 3229 et
725 3170 866 3247 agitetur
882 3186 954 3230 cum
972 3170 1041 3230 sale
1058 3170 1133 3230 dum
1156 3171 1259 3230 instar
1283 3185 1377 3247 aquae
1400 3171 1467 3230 lim·

319 3273 427 3353 pidum
445 3271 579 3346 evadat;
596 3275 674 3330 tunc
691 3270 832 3348 injicitur
849 3271 908 3330 lroc
925 3270 956 3330 in
973 3270 1123 3331 canalem
1140 3277 1173 3332 et
1186 3271 1231 3330 sic
1245 3287 1317 3331 cum
1335 3287 1419 3348 aqua
1436 3270 1466 3331 in

320 3391 380 3434 vas
395 3373 515 3432 dictum
533 3371 795 3449 evaporatorium
815 3369 930 3445 influit,
954 3371 1039 3448 quod
1064 3373 1095 3431 in
1119 3388 1218 3432 causa
1242 3375 1305 3447 est,
1329 3371 1413 3448 quod
1437 3371 1466 3431 in

319 3474 474 3554 plurimas
490 3487 623 3551 spumas
640 3489 675 3532 se
692 3471 813 3550 ejiciat;
830 3488 956 3550 spumae
972 3471 1046 3532 dein
1070 3488 1131 3551 ope
1154 3472 1276 3532 asseris
1297 3471 1466 3549 cujusdam

319 3575 429 3637 tenuis
445 3573 647 3634 abraduntur
668 3576 701 3632 et
724 3570 811 3632 foras
834 3571 1019 3650 ejiciuntur.
1065 3571 1230 3633 Praeterea
1253 3572 1336 3633 circa
1360 3577 1467 3633 extre·

320 3675 451 3736 mitates
468 3670 670 3752 reponuntur
689 3687 704 3748 3
722 3673 773 3731 vel
791 3687 810 3747 4
826 3689 907 3732 vasa
924 3689 1006 3733 cava
1023 3690 1063 3732 ex
1081 3673 1166 3750 ligno
1182 3672 1282 3747 lacta,
1296 3673 1327 3732 in
1341 3677 1416 3750 quae
1431 3688 1466 3732 se

320 3777 462 3855 recipere
479 3776 586 3835 solent
601 3773 703 3834 iaeces
724 3777 757 3834 et
780 3773 986 3852 impuritates
1010 3775 1200 3850 crassiores
1225 3791 1300 3852 quae
1324 3775 1405 3834 alias
1427 3773 1467 3834 ad

318 3877 455 3938 fundum
472 3875 649 3951 caderent3
666 3874 824 3952 colligitur
841 3874 938 3935 etiam
956 3875 987 3935 in
1004 3875 1065 3935 illis
1082 3875 1217 3935 materia
1233 3875 1371 3934 calcaria
1394 3889 1467 3952 quae

318 3979 425 4040 soluta
441 3995 460 4036 a
477 3975 578 4037 iundo
595 3975 683 4036 vasis
699 3976 730 4034 in
748 3992 865 4051 aquam
884 3992 919 4035 so
935 3974 1075 4050 confert,
1096 3975 1232 4036 materia
1249 3977 1319 4035 haec
1333 3992 1466 4054 usurpa·

318 4086 370 4140 tur
387 4077 460 4158 dein
478 4079 546 4138 loco
570 4060 787 4136 arenae'circa
813 4077 951 4136 laterum
975 4077 1253 4154 conjunctionem,
1278 4081 1311 4136 et
1334 4075 1465 4153 dignum

319 4185 433 4242 notatu
448 4183 511 4254 est,
525 4177 610 4255 quod
624 4178 649 4237 si
663 4182 829 4237 monetam
843 4176 1007 4253 quandam
1022 4177 1164 4255 injiceris
1182 4177 1213 4237 in
1234 4194 1292 4236 vas
1311 4177 1370 4236 hoc
1390 4193 1466 4236 eva·

314 4280 524 4360 poratorium,
539 4277 672 4339 tandem
688 4278 718 4338 in
737 4295 801 4338 uno
815 4279 929 4338 trorum
944 4279 1074 4356 reperiri
1089 4279 1175 4337 illam
1190 4280 1310 4339 solent.
1353 4275 1464 4354 Quum

316 4381 419 4465 coctio
436 4379 557 4440 tamdiu
575 4378 755 4457 perstiterit
771 4378 846 4437 dum
864 4379 911 4438 sal
929 4378 1089 4454 quoddam
1114 4378 1145 4438 in
1170 4377 1272 4438 fundo
1295 4381 1464 4456 appareat,

316 4461 548 4560 tunc'primum
567 4480 708 4558 repletur
725 4479 841 4539 iterum
855 4496 927 4538 -vas
951 4495 1047 4556 aqua,
1074 4483 1107 4539 et
1129 4479 1339 4539 continuatur
1363 4477 1466 4538 coctio
