3524 5314
136 2742 180 2780 Per
191 2741 275 2780 aarum

136 2790 237 2832 solarem

483 477 503 510 ὀ
568 480 646 508 οι“’
689 484 697 500 ⁰
723 487 746 506 σι
813 478 821 496 ’

510 498 519 514 ο
563 521 571 537 Ι
610 509 644 526 Η
688 523 695 535 n
717 516 725 529 ‘
812 513 825 538 ἱ

610 538 697 565 10...
730 537 738 549 “
773 541 812 573 Α..

336 744 353 791 2
697 726 754 789 DE
775 726 882 790 SALE
903 725 1072 790 COMMU
1103 724 1118 787 l

338 915 420 975 vitro
449 913 570 992 optime
593 911 724 972 formari
746 916 855 989 potest
876 911 1165 989 instrumentum¹;
1191 911 1217 971 si
1239 913 1325 972 enim
1347 909 1483 970 fabrica·

338 1019 460 1075 retura
484 1012 581 1088 ierro,
604 1029 716 1090 cupro,
740 1012 912 1086 orichalco,
938 1012 990 1071 vel
1015 1012 1076 1071 alio
1087 1013 1219 1072 metallo
1242 1012 1355 1085 viliori,
1380 1028 1483 1072 corro-

337 1116 422 1175 ditur
438 1107 478 1174 ab
492 1113 596 1190 aquiS,
615 1117 648 1173 et
661 1113 815 1172 minuitur
831 1112 936 1189 quoad
950 1112 1091 1191 corporis
1102 1113 1174 1190 ejus
1187 1112 1435 1186 dimensionem,
1451 1118 1484 1172 et

338 1218 592 1292 consequenter,
609 1213 684 1289 quia
703 1229 764 1273 non
782 1217 986 1291 compactum
1005 1217 1067 1287 est,
1086 1213 1298 1290 aequilibrium
1315 1212 1431 1291 perdit.

382 1314 508 1375 Alicubi
524 1313 621 1374 etiarn
641 1330 710 1373 mos
735 1317 798 1388 est,
819 1313 873 1373 ubi
898 1314 998 1373 colles
1014 1313 1108 1374 salini
1132 1314 1262 1388 dantur,
1288 1313 1373 1390 quod
1399 1329 1483 1389 aqua

339 1417 370 1476 in
389 1430 500 1494 rupem
518 1415 603 1474 illam
622 1413 759 1474 salinam
777 1415 829 1473 vel
848 1415 878 1473 in
895 1430 1071 1474 cavernam
1088 1414 1251 1491 quondam
1269 1414 1299 1474 in
1325 1431 1402 1492 rupe
1418 1413 1484 1472 iac-

339 1521 405 1577 tam
430 1515 609 1590 derivetur,
634 1519 668 1574 et
690 1514 731 1574 ibi
755 1530 811 1593 per
837 1515 926 1574 vices
956 1515 1109 1592 agitetur,
1142 1516 1193 1575 vel
1225 1516 1424 1591 relinquatur
1450 1519 1485 1574 ut

339 1617 500 1694 quiescat;
511 1615 655 1689 tandem,
671 1619 802 1692 peracto
815 1615 922 1691 aliquo
933 1620 1091 1693 tempore,
1106 1616 1316 1694 experiuntur
1331 1632 1405 1674 num
1418 1615 1485 1674 lixi·

341 1717 428 1777 vium
461 1716 540 1776 satis
571 1714 655 1775 iorte
685 1714 738 1789 sit,
770 1731 826 1794 per
857 1714 997 1775 irustum
1022 1717 1161 1776 salinum
1186 1717 1216 1776 in
1241 1716 1385 1776 lixivium
1410 1715 1485 1775 illud

340 1817 517 1894 injectum;
533 1815 558 1876 si
580 1815 767 1874 corrodatur
791 1820 824 1875 et
840 1815 1037 1876 diminuatur
1061 1817 1199 1894 amplius
1214 1817 1273 1891 sal,
1292 1816 1418 1892 signum
1436 1821 1487 1875 est

341 1918 426 1998 quod
434 1917 539 1978 adbuc
554 1934 617 1978 non
630 1915 801 1976 satisiorte
819 1917 871 1990 sit,
887 1921 919 1976 et
932 1917 1017 1992 quod
1030 1918 1135 1977 adbuc
1146 1917 1256 1978 imbibi
1270 1918 1485 1996 ampliuspos·

342 2021 394 2095 sit,
413 2019 486 2080 hinc
510 2035 566 2096 per
590 2017 717 2093 aliquod
741 2021 872 2094 tempus
895 2016 999 2077 adbuc
1024 2018 1225 2094 relinquitur,
1251 2003 1486 2096 dum'experiri

342 2121 428 2194 licet,
446 2119 529 2196 quod
548 2119 635 2178 nullo
652 2121 745 2178 modo
763 2117 901 2195 amplius
925 2117 1028 2195 possit
1043 2118 1222 2178 diminuere
1245 2117 1385 2178 frustum
1410 2118 1487 2177 salis

341 2221 510 2298 injectum.

387 2315 550 2381 Praetere'o
593 2319 655 2379 alia
692 2319 918 2396 experimenta
955 2318 1110 2379 culinaria
1146 2324 1179 2379 et
1217 2319 1374 2396 vulgaria,
1412 2319 1487 2395 quia

344 2421 532 2482 exactitudo
549 2415 762 2493 desideratur,
786 2433 861 2494 quae
885 2435 948 2479 non
967 2419 1079 2479 baberi
1103 2424 1212 2498 potest
1237 2419 1296 2479 nisi
1312 2436 1368 2498 per
1391 2435 1488 2496 expe-

346 2522 480 2583 rientias
497 2523 687 2596 sequentes,
705 2535 787 2596 quas
803 2518 914 2579 ordine
940 2519 1035 2578 velim
1052 2520 1243 2597 producere,
1267 2521 1348 2580 adeo
1365 2524 1400 2579 ut
1415 2519 1488 2596 eligi

345 2623 449 2702 possit
465 2621 591 2696 modus,
608 2620 661 2697 qui
678 2619 837 2681 desiderio
853 2617 1042 2683 satisfaciat.

388 2740 416 2801 3.
463 2721 623 2799 Tempore
647 2720 763 2780 aestivo
786 2720 1030 2781 accuratissime
1058 2721 1133 2781 licet
1164 2722 1301 2792 experiri
1329 2726 1487 2800 quantum

281 2879 283 2884 .
344 2825 422 2886 salis
437 2823 515 2884 insit
531 2837 624 2899 aquae
647 2820 686 2880 ad
703 2821 938 2898 experientiam
956 2821 1125 2899 expositae.
1173 2821 1204 2881 ln
1223 2822 1291 2883 loco
1307 2823 1414 2900 aprico
1436 2823 1488 2882 vel

344 2928 375 2986 in
392 2923 538 2984 ienestra
555 2926 612 2982 tua
628 2921 667 2980 ad
685 2920 849 2980 meridiem
862 2926 1020 2998 vergente
1033 2938 1161 3000 appone
1178 2923 1296 2983 vitrum
1307 2923 1469 3000 quoddam
1483 2943 1490 2998 ;

344 3026 500 3104 optimum
523 3023 582 3083 erit
611 3022 636 3081 si
661 3019 816 3080 orificium
841 3021 883 3082 sit
899 3022 1055 3100 amplum,
1080 3023 1154 3082 inde
1177 3024 1323 3100 sequitur
1345 3023 1429 3100 quod
1452 3041 1490 3084 eo

345 3127 438 3187 citius
460 3124 563 3204 possit
588 3121 770 3199 evaporari,
798 3138 871 3181 narn
890 3123 991 3200 major
1017 3123 1176 3183 radiorum
1201 3128 1234 3183 et
1260 3125 1374 3184 caloris
1399 3124 1489 3203 copia

345 3229 375 3288 in
392 3223 597 3305 superficiem
612 3222 753 3300 stringit,
766 3227 799 3282 et
817 3221 1043 3283 humiditatem
1061 3224 1259 3304 superfluam
1276 3225 1423 3303 expellit;
1437 3241 1489 3302 pe·

346 3332 434 3389 racto
452 3326 557 3401 aliquo
580 3329 740 3400 tempore,
759 3322 863 3383 omnis
880 3339 964 3398 aqua
980 3340 1036 3401 per
1052 3325 1153 3385 solem
1171 3325 1223 3384 vel
1240 3325 1379 3385 calorem
1404 3325 1490 3385 aesti-

345 3444 422 3488 vum
441 3424 614 3504 expellitur
631 3428 664 3483 et
681 3427 831 3482 remanet
847 3423 893 3482 sal
912 3423 943 3482 in
960 3440 1044 3500 aqua
1062 3429 1267 3487 contentum.

373 3515 419 3588 ¹Si
450 3542 529 3584 vero
553 3525 671 3584 vitrum
696 3524 738 3583 sit
762 3523 893 3582 minoris
923 3521 1044 3599 orificii,
1069 3530 1244 3585 structurae
1273 3527 1428 3603 vulgaris,
1459 3531 1492 3586 et

344 3615 517 3707 impleatur
531 3641 615 3702 aqua
628 3623 744 3697 salina,
755 3628 788 3683 et
800 3628 986 3701 reponatur,
1000 3629 1035 3684 ut
1046 3625 1111 3703 jam
1126 3625 1294 3686 edoctum²
1307 3631 1370 3702 est,
1388 3627 1428 3686 ad
1442 3644 1491 3686 so·

345 3732 421 3803 lem,
440 3726 614 3805 expellitur
637 3724 766 3801 quidem
784 3740 868 3800 aqua
885 3728 918 3784 et
934 3730 1082 3785 remanet
1105 3728 1165 3802 sal,
1191 3726 1247 3786 sed
1272 3724 1308 3787 frt
1331 3728 1391 3788 iroc
1408 3727 1492 3788 intra

346 3829 452 3907 majus
467 3826 622 3904 temporis
638 3825 791 3902 spatium.

389 3930 516 3990 AEstate
532 3925 675 3986 ineuntis
691 3925 768 3984 anni
791 3929 947 4002 expertus
964 3942 1035 3985 sum
1058 3943 1145 4005 saepe
1169 3943 1224 4004 per
1242 3929 1492 4006 evaporationes

345 4032 429 4091 tales
445 4029 569 4090 solares
580 4025 798 4103 quantitatem
812 4024 888 4084 salis
901 4025 1191 4102 inaquacontenti,
1207 4033 1296 4103 utet,
1311 4031 1442 4089 numsal
1460 4029 1490 4088 in

345 4149 429 4209 aqua
445 4130 588 4190 solutum
613 4125 805 4186 diminutum
830 4125 882 4184 vel
907 4130 1038 4187 auctum
1063 4127 1136 4203 iret,
1161 4133 1194 4187 et
1216 4130 1391 4189 observavi
1407 4131 1492 4206 quod

344 4232 488 4312 plerique
506 4243 646 4308 vapores
662 4226 753 4304 aquis
777 4242 833 4303 per
857 4225 960 4286 latera
984 4228 1056 4288 vitri
1080 4245 1209 4288 sursum
1226 4231 1435 4309 obreperent,
1460 4235 1493 4290 et

345 4331 521 4414 particulas
536 4328 658 4390 salinas
676 4343 787 4387 secum
806 4326 994 4404 traherent;
1018 4326 1104 4388 iacta
1121 4329 1206 4389 enim
1223 4328 1284 4390 luit
1307 4331 1493 4409 chrystalli-

345 4434 427 4520 satio
437 4431 587 4514 quaedam
601 4428 678 4488 salis
691 4428 809 4487 circum
824 4427 932 4487 omnia
943 4428 1016 4488 vitri
1029 4430 1142 4500 latera,
1156 4434 1189 4490 et
1201 4431 1413 4491 observatum
1427 4436 1491 4507 est,

343 4528 692 4613 quodchrystallisatio
709 4527 846 4605 primum
861 4526 958 4588 fuerit
969 4528 1201 4604 confusa,dein
1213 4530 1244 4590 in
1258 4548 1358 4611 grana
1369 4533 1493 4593 cubicae
