3524 5314
283 785 442 850 COCTIO
463 786 585 851 SALIS
605 787 661 850 EX
683 787 1048 866 AQUA.FONTANA
1070 788 1323 853 LUNEBURGI.
1359 791 1397 868 65

293 971 363 1034 Non
380 972 646 1051 praetereundum
665 977 728 1047 est,
753 973 838 1049 quod
862 973 889 1033 si
911 973 1042 1052 salsugo
1069 973 1166 1034 unius
1192 972 1292 1035 fontis
1318 976 1399 1048 sola,

251 1089 309 1132 nec
326 1089 398 1132 cum
416 1073 487 1132 aliis
502 1072 690 1148 commixta,
705 1073 768 1150 igni
785 1073 1021 1149 committatur,
1039 1074 1179 1135 elicitum
1203 1091 1244 1134 ex
1266 1075 1402 1151 singulis

249 1173 384 1233 seorsim
402 1174 449 1234 sal
467 1171 651 1234 differentis
667 1173 904 1249 quodammodo
921 1174 1038 1236 indolis
1053 1175 1103 1236 sit.
1149 1173 1306 1236 Nimirum
1323 1176 1400 1236 illud

249 1273 333 1349 quod
350 1291 391 1332 ex
407 1271 498 1334 fonte
512 1272 640 1350 Gurgar
657 1275 821 1352 appellato
834 1279 978 1352 paratur,
992 1275 1262 1351 reliquacandore
1272 1291 1309 1336 ac
1323 1278 1401 1336 rnol-

222 1373 225 1378 ’
250 1373 317 1434 litie
334 1374 515 1450 antecellit;
539 1391 580 1434 ex
605 1372 697 1434 fonte
724 1372 856 1434 Teusch
883 1374 1088 1452 productum,
1114 1373 1400 1454 minora'granula

250 1474 377 1534 obtinet
393 1482 427 1536 et
443 1479 648 1552 compactum
666 1479 736 1550 est;
760 1491 777 1534 e
794 1472 885 1534 fonte
904 1474 1098 1535 Haclreborn
1115 1491 1304 1553 granosum,
1330 1476 1400 1538 niti·
1500 1527 1502 1532 .

249 1574 324 1634 dum
341 1591 378 1634 ac
394 1574 566 1634 candidum
584 1579 654 1650 est;
672 1579 705 1635 et
721 1575 862 1651 denique
879 1575 908 1635 id
924 1575 1009 1652 quod
1025 1573 1099 1636 lons
1112 1575 1240 1637 Metritz
1252 1577 1398 1655 largitur,

252 1692 314 1734 non
332 1678 398 1735 tam
415 1675 479 1734 albi
496 1675 612 1734 coloris
628 1679 680 1735 est
698 1675 779 1735 utin
797 1675 942 1751 reliquis.
989 1675 1122 1737 Accedit
1151 1677 1236 1753 quod
1266 1678 1399 1755 salsugo

249 1774 385 1835 fontium
414 1773 544 1852 Gutgar
568 1779 602 1835 et
627 1775 754 1836 Metritz
779 1776 873 1852 longe
898 1775 993 1835 citius
1017 1793 1054 1836 ac
1082 1777 1241 1854 promtius
1265 1777 1400 1838 ebulliat

248 1892 345 1952 quam
363 1875 572 1951 reliquorum,
601 1891 639 1936 eo
666 1875 751 1951 quod
776 1892 893 1952 aquam
921 1877 1046 1936 vehant
1067 1877 1184 1936 laevam
1205 1881 1239 1938 et
1255 1878 1398 1953 mollem,

248 1991 322 2052 quae
338 1975 457 2054 pingue
474 1975 623 2035 limosum
642 1976 746 2036 solum
763 1975 904 2050 transiit,
922 1976 965 2035 illi
981 1993 1059 2037 vero
1082 1977 1281 2054 asperiorem
1299 1982 1333 2038 et
1355 1977 1398 2038 la·

249 2077 408 2155 pidosam,
426 2092 483 2154 per
498 2075 669 2136 calcariam
687 2080 720 2137 et
735 2093 894 2153 gypseam
912 2080 1030 2136 terram
1047 2075 1240 2138 tendentem
1265 2078 1398 2153 undam,

249 2177 395 2238 trudunt.
441 2175 578 2236 Veteres
601 2176 772 2254 sapienter
790 2176 1030 2237 constituerunt
1053 2195 1089 2237 ac
1114 2177 1340 2253 sanciverunt,
1365 2182 1401 2238 ut

250 2294 291 2342 ex
307 2274 445 2337 confusa
460 2277 683 2336 scatebrarum
701 2275 889 2354 salsilagine
905 2277 952 2336 sal
969 2275 1197 2339 conficeretur.

293 2377 368 2438 Haec
386 2377 565 2456 posteriora
579 2394 619 2436 ex
638 2373 823 2437 Hoffmanni
840 2375 1008 2456 opusculis
1023 2375 1307 2454 Marsico-Medicis.

773 2560 884 2622 XXVI.

295 2741 477 2805 COCTIO
501 2741 617 2804 salis
643 2743 694 2804 EX
718 2743 839 2821 AQUA
860 2743 1070 2806 FONTANA
1092 2744 1356 2807 LUNEBURGI.

292 2878 385 2939 Multi
401 2882 478 2938 sunt
492 2877 602 2938 tontes
618 2877 711 2937 salini
730 2877 921 2938 Germaniae
948 2878 1005 2938 sed
1031 2878 1184 2957 praecipui
1211 2884 1244 2938 et
1269 2879 1400 2939 maximi

250 2978 342 3057 pretii
358 2983 435 3039 sunt
450 2978 494 3038 illi
509 2978 563 3055 qui
587 2978 796 3038 celebrantur
822 2977 923 3038 Hallis
950 2983 983 3038 et
1009 2977 1213 3056 Luneburgi;
1240 2979 1325 3038 circa
1353 2997 1400 3039 re·

251 3079 354 3156 liquos
369 3078 452 3139 idem
470 3083 522 3138 est
538 3077 652 3138 modus
669 3078 872 3156 excoquendi
889 3080 992 3138 salem
1009 3096 1050 3138 ex
1067 3095 1152 3155 aqua
1168 3097 1205 3138 ac
1223 3079 1306 3138 circa
1325 3078 1400 3140 Hal-

251 3180 299 3238 las
315 3184 349 3240 et
365 3178 609 3256 luneburgum,
627 3178 701 3238 hinc
720 3195 783 3239 non
801 3178 1058 3256 operaepretium
1076 3183 1138 3248 est,
1158 3180 1268 3257 plures
1283 3180 1402 3240 coctio·

252 3280 301 3340 nis
317 3280 429 3340 modos
441 3280 568 3340 tradere
585 3296 682 3357 quam
699 3294 714 3354 3
732 3279 783 3338 vel
801 3279 1042 3356 ainsigniores.

263 3451 266 3457 Ι
292 3379 413 3441 Fontes
442 3379 537 3439 salini
566 3379 750 3456 Luneburgi
774 3398 792 3439 a
820 3397 837 3454 7
863 3385 948 3440 retro
975 3380 1106 3440 saeculis
1122 3379 1349 3455 innotuerunt,
1367 3387 1400 3440 et

249 3480 363 3540 eodem
380 3497 443 3557 quo
460 3479 818 3556 Rammelsbergenses¹
831 3477 1118 3541 etGoslarienses⁹
1133 3481 1254 3540 metalli
1268 3478 1399 3556 lodinae,

253 3581 401 3640 nimirum
418 3598 505 3640 anno
519 3579 590 3659 968.
636 3579 795 3639 Henricus
822 3580 964 3657 Auceps,
989 3579 1125 3654 Otlonis
1142 3580 1248 3658 Magni
1268 3597 1399 3657 parenS,

251 3682 310 3740 hoc
326 3681 441 3741 dicitur
457 3680 694 3755 suscitasse,et
705 3696 804 3756 quum
816 3697 903 3740 anno
918 3679 997 3756 1369
1008 3698 1093 3740 nova
1110 3685 1144 3740 et
1160 3680 1302 3740 liberalis
1314 3697 1400 3740 vena

250 3782 280 3841 in
299 3780 405 3841 medio
421 3781 510 3840 urbis
525 3780 686 3858 prosiliret
702 3780 905 3857 multumque
922 3780 1097 3858 salsuginis
1107 3781 1282 3860 praeberet,
1297 3781 1401 3858 magis

251 3882 355 3941 adhuc
372 3882 486 3940 salinae
503 3883 554 3940 irae
571 3880 864 3958 exsplenduerunt,
883 3886 982 3958 atque
999 3898 1040 3940 ex
1063 3899 1101 3941 eo
1118 3881 1277 3958 insignem
1292 3882 1400 3941 celeb-

251 3982 378 4042 ritatem
397 3981 619 4042 obtinuerunt.
664 3979 697 4040 ln
714 3980 876 4058 plumbeis
892 3981 1025 4040 cortinis
1040 3981 1105 4060 jam
1123 3999 1141 4040 a
1156 3981 1218 4040 600
1238 3981 1333 4040 annis
1349 3998 1400 4041 sa·

251 4083 312 4142 lem
330 4098 471 4160 coquere
487 4085 681 4156 sueverunt,
699 4080 851 4157 quoniam
877 4097 961 4157 aqua
989 4080 1168 4142 foecundior
1185 4086 1217 4142 et
1234 4081 1327 4142 ditior
1350 4086 1401 4141 est

250 4184 318 4242 sale
334 4199 432 4260 quam
448 4180 636 4256 Hallensis,⁸
649 4181 735 4241 unde
753 4198 812 4239 nec
826 4179 977 4241 diuturna
991 4182 1139 4241 coctione
1153 4185 1239 4258 eget,
1253 4182 1311 4241 sed
1325 4199 1399 4242 mox

251 4284 452 4360 coagulatur,
472 4299 530 4341 nec
548 4282 729 4360 praecipitat
746 4282 880 4341 multam
899 4282 1068 4341 materiam
1087 4281 1275 4359 lapidosam.

294 4383 378 4443 Fons
394 4387 446 4442 est
467 4382 547 4442 satis
574 4380 766 4460 profundus
792 4385 826 4441 et
852 4399 913 4460 ope
943 4382 1083 4441 virorum
1111 4381 1185 4442 inde
1212 4382 1400 4442 exantlatur

251 4501 346 4560 aqua,
362 4483 437 4544 inde
449 4481 521 4542 fluit
532 4500 588 4561 per
601 4483 735 4541 canales
748 4482 778 4540 in
795 4482 908 4542 domos
921 4481 1176 4560 evaporatorias',
1192 4486 1226 4542 et
1241 4481 1272 4542 in
1290 4497 1400 4559 recep·

203 4621 206 4630 ·
251 4584 365 4644 iaculis
381 4582 604 4660 capacioribus
619 4577 787 4659 colligitur.
832 4582 1020 4660 inqualibet
1042 4581 1136 4642 domo
1162 4586 1241 4642 sunt
1264 4597 1283 4657 4
1304 4597 1398 4656 vasa,
