3524 5314
343 752 500 819 nocuo
522 717 642 816 sarrs
663 749 719 812 err
740 749 870 829 AQUA
892 748 1106 814 faurama
1129 749 1288 814 natus
1341 751 1381 835 63

235 942 273 1021 36
285 942 451 1020 amphorae
464 937 681 1014 requiruntur.
713 933 822 995 {niusa
836 935 896 994 hac
910 935 1041 1012 liquoris
1053 935 1085 996 in
1098 934 1255 996 cortinam
1267 936 1382 1015 copia¹,

234 1043 390 1103 salinator
406 1039 523 1100 fortem
541 1038 648 1114 ignem
666 1035 832 1096 submittit
853 1040 887 1095 et
914 1035 1083 1112 sanguinis
1109 1036 1222 1096 bubuli
1252 1041 1382 1097 tantum

234 1141 373 1203 affundit
384 1143 544 1218 quantum
558 1137 708 1198 calathus
724 1136 764 1196 ad
782 1135 990 1197 medietatem
1009 1136 1107 1215 capit,
1124 1153 1188 1213 quo
1204 1138 1250 1198 sal
1265 1137 1383 1197 exinde

234 1245 436 1322 repurgetur.
457 1239 498 1302 Ut
508 1238 644 1317 primum
662 1236 799 1296 ebullire
816 1235 927 1314 incipit
943 1237 1087 1314 salsugo,
1105 1254 1240 1315 spumas
1256 1235 1383 1299 fortiter

234 1343 312 1421 agit,
329 1341 415 1401 haud
433 1356 530 1400 secus
547 1355 584 1398 ac
611 1352 741 1410 carnes,
769 1352 851 1413 quas
876 1336 990 1398 sedulo
1016 1337 1226 1416 despumant,
1240 1343 1275 1400 et
1299 1344 1382 1414 tum,

234 1443 371 1522 abjectis
396 1438 634 1520 purgamentis
660 1441 727 1498 tam
755 1436 948 1516 pellucidam
974 1454 1011 1497 ac
1036 1437 1240 1517 perspicuam
1267 1437 1383 1500 iaciem

234 1543 348 1618 induit,
367 1546 402 1601 ut
418 1541 486 1620 ipse
502 1538 623 1599 iundus
641 1541 858 1616 transpareat,
875 1537 960 1614 quod
977 1539 1065 1598 horae
1089 1539 1194 1617 spatio
1214 1539 1382 1618 contingit,

235 1643 328 1705 simul
345 1660 382 1703 ac
395 1642 481 1702 coire
497 1639 608 1718 incipit
624 1643 658 1699 et
673 1639 823 1716 glebulas
839 1638 1016 1717 protrudit;
1032 1637 1197 1699 flammam
1222 1639 1384 1719 paulisper

236 1744 444 1821 restinguunt
460 1745 493 1802 et
508 1739 644 1801 cortinae
660 1742 914 1818 supersternunt
940 1753 955 1816 3
980 1755 1121 1814 asseres,
1155 1757 1194 1799 ne
1224 1758 1303 1800 aura
1328 1745 1385 1802 aut

235 1847 356 1904 ventus
371 1841 511 1920 frigidior
527 1841 640 1914 irruat,
650 1843 683 1900 et
695 1843 745 1901 ter
758 1843 848 1900 norae
862 1839 968 1918 spatio
984 1838 1108 1917 aliquot
1119 1839 1208 1918 zythi
1224 1841 1384 1902 calathos'

233 1942 422 2018 infundunt,
439 1959 503 2019 quo
518 1956 695 2020 granosum
713 1939 843 2001 evadat.
888 1938 954 2000 Hoc
977 1938 1076 2015 iacto,
1090 1938 1248 2000 intactum
1272 1941 1385 2003 sinunt

234 2044 406 2123 tantisper,
416 2047 450 2102 et
465 2044 627 2103 carbones
646 2040 686 2101 ad
697 2041 957 2118 coagulationem
971 2038 1150 2119 perlectam
1164 2042 1251 2123 (gum
1263 2039 1383 2122 sdcken)

235 2145 370 2219 addunt,
393 2143 559 2222 superiora
576 2141 765 2202 successive
782 2140 941 2216 eximunt,
960 2144 994 2200 et
1013 2141 1117 2216 qualis
1133 2140 1271 2216 duobus,
1288 2142 1385 2219 tignis

235 2245 405 2324 impositis,
423 2243 551 2319 indunt,
568 2240 654 2319 quod
670 2241 782 2302 dicunt
806 2242 871 2303 noll
895 2235 1049 2311 sedition,
1073 2240 1177 2318 iisque
1200 2244 1381 2321 completis,

235 2345 274 2406 ad
297 2345 421 2422 aliquot
443 2344 680 2423 spithamarum
705 2340 910 2402 altitudinem
934 2341 1101 2402 cumulum
1125 2341 1249 2403 addunt
1279 2343 1382 2405 donec

235 2463 331 2507 omne
348 2446 395 2506 sal
412 2443 513 2504 tuerit
534 2446 732 2504 extractum.
780 2441 977 2504 Universum
994 2458 1076 2521 opus
1102 2458 1122 2518 4
1148 2443 1234 2503 horis
1257 2445 1383 2505 absolvi

235 2550 355 2624 potest,
373 2545 511 2622 ideoque
527 2544 722 2605 salinatores
738 2543 929 2622 plerumque
945 2542 1030 2603 intra
1047 2542 1131 2603 diem
1149 2548 1181 2603 et
1199 2549 1326 2605 noctem
1348 2562 1383 2606 12
1400 2617 1405 2629 ,

220 2647 312 2707 -salis
327 2646 443 2725 glebas
455 2643 644 2706 conficiunt.
1267 2637 1268 2642 ’

277 2746 325 2809 Ad
348 2747 437 2824 tigna
462 2744 534 2807 ioco
551 2748 767 2824 superstrata,
786 2761 827 2804 ex
843 2744 1032 2805 destillante
1049 2744 1160 2806 lixivio
1176 2745 1292 2821 salino,
1311 2764 1387 2807 con·

235 2851 388 2909 crescunt
404 2847 516 2922 stiriae,
533 2862 619 2924 quae,
638 2861 792 2905 unacum
818 2845 872 2905 illo
887 2845 971 2921 quod
988 2845 1142 2922 guttatim
1167 2845 1335 2924 delapsum
1354 2847 1385 2908 in

236 2947 308 3009 ioco
323 2947 514 3025 coagulatur
531 2950 564 3007 et
575 2948 630 3024 pot
645 2946 841 3025 appellatur,
858 2945 889 3005 in
908 2961 1001 3005 usum
1032 2945 1220 3006 animalium
1252 2948 1385 3010 cedunt.
1477 3028 1480 3034 Ι

277 3047 308 3109 Si
325 3052 493 3108 sarmenta
510 3047 562 3106 vel
580 3050 724 3106 stramen
742 3045 954 3107 submittatur
976 3062 1033 3125 pro
1056 3047 1192 3107 materia
1215 3047 1310 3125 ignis,
1339 3050 1386 3109 sal

238 3155 385 3210 nontam
404 3151 500 3208 bonae
517 3153 604 3209 notae
621 3145 745 3208 evadit.

319 3247 490 3327 Optimum
509 3249 556 3308 sal
574 3248 623 3307 his
640 3246 765 3307 indiciis
778 3246 995 3324 cognoscitur,
1021 3251 1057 3307 ut
1072 3247 1198 3308 scilicet
1213 3248 1256 3309 sit
1273 3250 1388 3310 leviter

236 3349 457 3428 spongiosum,
474 3347 658 3418 candidum,
676 3347 763 3422 leve,
782 3347 905 3424 majora
929 3348 1025 3426 paulo
1042 3364 1143 3424 grana
1170 3349 1335 3421 obtinens
1355 3356 1388 3412 et

235 3452 369 3510 siccum.
417 3448 558 3526 ignobile
575 3464 654 3508 vero
671 3447 846 3525 gravitate,
865 3451 1034 3526 compacta
1054 3447 1148 3508 nimis
1165 3450 1261 3525 mole,
1279 3452 1386 3512 colore
1475 3433 1477 3438 ’

236 3550 394 3625 cineritio,
413 3553 447 3608 et
463 3548 595 3610 madore
612 3565 687 3608 sese
703 3547 816 3626 prodit.

277 3649 419 3727 Sanguis
436 3649 580 3710 bubulus
598 3665 662 3709 non
681 3648 777 3708 nimia
793 3648 989 3727 pinguedine
1014 3647 1160 3709 imbutus
1187 3649 1244 3710 sed
1272 3657 1385 3730 penet-

236 3750 338 3812 rantis
354 3750 496 3810 volatilis
512 3749 619 3810 odoris
635 3766 710 3809 esse
727 3749 836 3820 debet,
856 3765 896 3809 eo
910 3749 995 3826 quod
1012 3749 1118 3809 omnis
1134 3749 1297 3828 pinguedo
1310 3752 1388 3812 salis

235 3851 496 3930 coagulationem
514 3850 669 3928 impediat
685 3849 826 3928 illudque
838 3850 934 3910 molle
951 3866 988 3909 ac
1005 3848 1240 3910 farinulentum
1255 3850 1384 3914 efficiat.

237 3950 364 4012 Contra
381 3968 459 4012 vero
476 3950 502 4010 si
519 3950 546 4010 is
562 3951 683 4010 multas
699 3948 823 4025 tuscas,
841 3949 947 4010 flavas
974 3954 1008 4009 et
1034 3955 1221 4029 compactas
1251 3969 1387 4030 spumas

236 4052 322 4130 ejicit
339 4049 553 4112 nitidissimus
566 4051 612 4110 sal
627 4049 751 4112 evadit?
793 4049 1035 4127 Nonnunquam
1050 4052 1181 4129 salsugo
1195 4051 1309 4112 limosa
1322 4056 1385 4129 est,

237 4152 372 4230 ideoque
388 4150 551 4228 sanguino
567 4151 627 4211 hoc
644 4150 774 4221 bovillo,
794 4151 846 4210 vel
870 4150 968 4211 etiam
992 4150 1159 4212 albumine
1182 4152 1245 4227 ovi,
1271 4170 1387 4231 spuma

237 4251 429 4313 concitanda
447 4255 509 4326 est,
526 4267 590 4327 quo
607 4267 679 4311 cum
697 4251 811 4312 eadem
829 4251 923 4311 simul
941 4251 1066 4329 sordes,
1090 4252 1208 4330 quibus
1231 4270 1386 4334 conspur-

238 4358 310 4413 cata
326 4357 390 4428 est,
408 4352 595 4412 demantur.

278 4453 326 4513 Ad
349 4451 610 4530 granulationem
635 4452 772 4512 multum
807 4443 934 4512 coniert
964 4452 1065 4513 lenior
1081 4453 1174 4531 ignis,
1196 4454 1386 4530 quotidiana

238 4554 321 4614 enim
339 4553 531 4635 experentia
547 4557 749 4632 compertum
774 4556 837 4629 est,
866 4557 962 4612 aucta
990 4552 1084 4613 nimis
1113 4554 1275 4633 praecipue
1301 4555 1385 4617 circa
