3524 5314
577 729 791 794 monario
813 729 956 808 AQUAE
976 729 1152 792 §Arina
1420 749 1441 808 9

297 916 367 976 ilios
380 915 420 975 ad
436 929 508 992 400,
527 915 666 975 habebis
682 927 754 992 445,
773 914 846 975 hinc
864 915 1002 975 habebis
1025 915 1264 993 proportionem
1289 914 1441 992 ponderis

296 1014 436 1093 specifici
453 1016 623 1092 liquorum,
641 1016 764 1076 scilicet
780 1015 930 1093 utqooad
946 1028 1003 1093 445
1019 1034 1026 1076 :
1046 1017 1131 1076 unde
1147 1033 1230 1092 aqua
1245 1015 1346 1075 dulcis
1362 1032 1439 1092 pon-

297 1115 389 1175 derat
404 1131 465 1192 4οο
481 1121 515 1176 et
531 1116 676 1176 lixivium
695 1128 767 1194 445,
793 1118 844 1176 vei
872 1115 1032 1192 [lixivium
1057 1121 1091 1177 et
1114 1118 1160 1176 sal
1185 1116 1262 1176 inibi
1285 1117 1379 1192 sunt]
1407 1120 1442 1175 nt

342 2713 375 2775 Si
390 2714 500 2790 itaque
515 2714 752 2792 praeparaveris
767 2714 824 2775 tibi
841 2714 949 2774 lixivia
966 2715 1083 2775 diversi
1099 2716 1239 2793 generiS,
1258 2719 1292 2774 ut
1308 2716 1443 2793 primum

300 2819 352 2875 est
363 2814 495 2889 dictum,
509 2818 587 2874 tunc
600 2819 693 2892 potes
706 2815 1023 2893 experiri‚quantum
1037 2816 1187 2894 ponderis
1197 2817 1249 2876 vel
1262 2820 1340 2892 quot
1352 2831 1446 2875 asses

301 2915 507 2992 requirantur
524 2915 555 2976 in
575 2914 610 2990 Β,
629 2915 655 2975 si
675 2931 702 2990 1,
721 2917 773 2998 vel
791 2931 821 2990 2,
839 2917 892 2975 vei
906 2931 936 2991 3,
955 2916 1006 2976 vel
1023 2932 1054 2992 4,
1073 2917 1124 2977 vei
1143 2928 1172 2994 5,
1190 2916 1242 2976 vei
1259 2916 1445 2977 dromones

301 3015 366 3076 sint
382 3016 412 3074 in
430 3032 495 3076 una
511 3014 591 3075 libra
608 3016 660 3075 vel
677 3015 785 3077 inuno
800 3015 904 3076 modio
920 3033 1026 3093 aquae,
1042 3022 1075 3077 et
1088 3018 1232 3077 tabulam
1247 3017 1303 3077 tibi
1320 3032 1445 3094 parare,

178 3164 183 3172 .
204 3097 210 3110 '
300 3116 381 3176 adeo
399 3121 434 3176 ut
450 3116 481 3176 in
498 3113 647 3195 'promptu
665 3117 790 3176 habeas
806 3121 840 3177 et
862 3133 919 3194 per
942 3134 1042 3177 unum
1067 3117 1219 3178 intuitum
1237 3117 1318 3177 scire
1342 3117 1446 3195 possis

299 3221 458 3293 quantum
476 3217 553 3277 salis
575 3215 783 3278 contineatur
805 3217 836 3278 in
860 3217 968 3277 lixivio
992 3219 1044 3277 vel
1067 3219 1098 3277 in
1116 3219 1185 3277 saie
1207 3223 1275 3279 tuo.
1323 3217 1446 3278 Poteris

300 3316 396 3377 etiam
414 3317 618 3378 arithmetice
634 3317 718 3377 idem
735 3319 916 3396 explorare,
935 3309 1003 3394 sed,
1020 3335 1094 3378 cum
1112 3319 1214 3396 major
1231 3318 1390 3378 industria
1406 3318 1444 3378 ad

300 3416 459 3477 calculum
476 3418 574 3478 talem
592 3419 785 3494 requiratur,
803 3418 876 3479 hinc
894 3421 1009 3479 melius
1022 3424 1073 3479 est
1087 3421 1232 3479 tabulam
1249 3418 1337 3496 prius
1353 3433 1447 3495 para-

300 3524 366 3578 tam
384 3518 415 3578 in
428 3523 578 3597 promptu
591 3519 725 3593 habere,
738 3536 834 3596 quarn
846 3536 975 3597 semper
987 3536 1044 3597 per
1054 3520 1214 3579 calculum
1227 3519 1444 3596 quantitatem

302 3618 380 3679 salis
395 3620 561 3696 indagare.

342 3734 371 3796 9.
417 3719 477 3780 Per
507 3725 635 3781 vectem
660 3722 822 3798 quendam
846 3723 928 3781 idem
959 3726 1052 3800 potes
1080 3722 1213 3782 habere.
1259 3720 1602 3798 Praepararepervectem

301 3821 358 3881 tibi
374 3827 501 3881 vectem
519 3827 625 3900 potes,
642 3822 745 3882 forma
761 3822 898 3900 vulgari,
916 3828 948 3882 et
965 3823 1134 3882 vasculum
1153 3822 1311 3898 quoddam
1336 3822 1388 3881 vel
1406 3839 1445 3880 ex

719 4023 734 4076 ir

532 4168 1221 4240 iancea!

427 4297 1219 4428 Κ9125456

303 4540 388 4604 terro
417 4542 469 4602 vel
500 4557 540 4601 ex
570 4540 701 4619 plumbo
726 4541 777 4602 vel
807 4557 847 4599 ex
877 4545 1024 4617 argento,
1054 4539 1166 4600 forma*
1197 4542 1365 4620 quadratae
1395 4543 1446 4606 vel
