3442 5302
341 734 496 811 AQUAE
520 735 702 803 SALSAE,
730 734 899 808 Lacus,
929 735 998 796 ET
1016 735 1187 798 RUPES.
1307 748 1365 804 123

713 1033 820 1096 XLV.

162 1235 227 1298 DE
259 1233 404 1310 AQUIS
435 1236 559 1298 ALIIS
591 1235 763 1308 SALSIS,
792 1234 1014 1300 LACUBUS
1045 1234 1109 1297 ET
1140 1235 1361 1309 RUPIBUS,

290 1335 499 1411 QUORUM
524 1334 818 1398 MENTIONEM
843 1335 1011 1397 PASSIM
1037 1334 1257 1416 FACIUNT¹

644 1435 880 1500 AUTORES.

160 1627 163 1634 ⁴
202 1618 331 1682 Albaro
355 1617 485 1681 Alonso
511 1620 625 1682 Barba
649 1627 829 1690 memorat,
855 1628 997 1694 puteum
1022 1618 1194 1694 quendam
1219 1617 1366 1681 salinum

159 1717 193 1782 in
220 1719 320 1784 West
349 1712 473 1783 Indies¹
501 1740 575 1782 esse
599 1719 657 1796 qui
684 1728 828 1783 vocatur
851 1719 953 1783 Garci
971 1719 1150 1794 Mendoza,
1171 1718 1231 1781 sed
1249 1718 1364 1794 potius

160 1828 213 1882 est
236 1818 340 1892 lacuS,
360 1840 440 1882 nam
464 1819 678 1895 longitudine
702 1818 826 1882 dieitur
842 1840 915 1882 esse
931 1821 971 1883 40
988 1828 1022 1882 et
1038 1818 1221 1882 latitudine
1240 1821 1278 1882 16
1294 1817 1368 1880 mil·

159 1917 268 1992 liaria,
296 1917 425 1982 multae
449 1919 553 1982 etiam
577 1919 837 1996 profunditatis;
881 1919 916 1982 in
940 1918 1053 1982 medio
1077 1920 1160 1996 ejus,
1193 1917 1248 1981 vel
1271 1917 1353 1994 alibi

158 2017 276 2083 fontes
291 2017 455 2082 salientes
471 2019 710 2094 animadverti,
731 2019 788 2096 qui
805 2019 912 2082 fundo
926 2019 1087 2083 dicuntur
1102 2039 1231 2082 carere.

203 2121 244 2182 In
272 2119 378 2195 Lipes
404 2140 479 2182 esse
504 2119 609 2183 etiam
637 2119 749 2183 lacum
772 2118 855 2184 dicit
878 2118 913 2181 in
936 2119 1076 2194 regione
1101 2120 1251 2195 quadam
1275 2139 1364 2195 quae

159 2228 304 2282 vocatur
326 2219 548 2296 Tumaquisa.
597 2221 637 2283 ln
659 2220 773 2283 medio
789 2219 865 2283 lacu
882 2218 1024 2282 ebullire
1041 2219 1165 2282 dicitur
1180 2241 1271 2294 aqua
1288 2240 1365 2282 cum

160 2318 270 2383 multo
294 2319 455 2396 strepitu;
489 2341 615 2396 aquam
640 2322 712 2396 ejus
735 2341 810 2382 esse
826 2340 977 2383 crassam
995 2330 1028 2383 et
1045 2318 1363 2395 unctuosissimam;
1467 2377 1471 2382 .

161 2428 195 2482 et
219 2419 277 2482 ubi
300 2441 362 2496 per
384 2419 540 2483 canalem
564 2420 737 2496 quendam
761 2419 846 2493 fluit,
865 2419 953 2483 verti
976 2419 1101 2483 dicitur
1116 2419 1150 2482 in
1167 2417 1217 2482 sal
1240 2417 1366 2482 coloris

160 2519 262 2596 rubri,
283 2519 486 2596 praesertim
499 2519 556 2583 ubi
568 2519 603 2582 in
616 2519 754 2583 canales
770 2515 972 2595 exiguiores²
987 2519 1205 2597 dispergitur,
1222 2517 1365 2582 fortissi-

162 2641 255 2682 mum
279 2640 353 2682 esse
376 2619 426 2683 sal
449 2628 634 2693 asseverat,
653 2619 715 2683 sed
738 2627 837 2697 putat
854 2619 998 2683 mixtum
1015 2641 1090 2683 esse
1107 2619 1366 2696 quodammodo

157 2739 239 2783 'cum
256 2719 417 2782 alumine.
644 2726 646 2729 ’

203 2821 256 2883 Ad
278 2819 479 2883 distantiam
497 2813 551 2892 1½
572 2819 725 2883 milliaris
741 2842 760 2882 a
776 2819 926 2898 Julloma
942 2819 977 2882 in
994 2819 1173 2883 Provincia
1198 2819 1361 2895 Paeages,

163 2919 328 2995 plurimos
351 2919 466 2982 fontes
489 2919 618 2983 salinos
640 2920 711 2984 dari
736 2918 851 2995 refert,
872 2941 1018 2997 quorum
1035 2938 1144 2996 aquae,
1163 2939 1241 2981 cum
1259 2918 1366 2981 effun-

161 3020 289 3083 duntur
312 3019 345 3081 in
368 3018 490 3091 solum,
510 3019 605 3083 brevi
629 3029 786 3097 tempore
810 3020 844 3083 in
868 3019 918 3083 sal
941 3029 1131 3094 vertuntur,
1152 3018 1239 3082 adeo
1255 3027 1292 3081 ut
1316 3017 1366 3081 sal

163 3119 349 3182 acervatim
375 3129 409 3182 et
432 3119 633 3183 cumulatim
656 3129 833 3196 augeatur.
891 3122 929 3183 In
955 3122 1076 3183 eadem
1100 3119 1165 3203 hac
1188 3117 1366 3196 provincia

162 3217 252 3282 circa
279 3218 501 3295 Caquingora
525 3219 637 3283 adhuc
662 3220 777 3297 plures
803 3219 884 3283 salis
914 3220 1029 3283 tontes
1058 3219 1131 3282 dari
1161 3219 1254 3283 dicit.
1313 3218 1366 3282 Ibi

163 3317 268 3381 etiam
299 3318 435 3395 copiam
466 3319 538 3382 dari
569 3319 649 3382 salis
682 3341 840 3395 gemmae
875 3318 1111 3397 pelluciditate
1140 3318 1366 3395 chrystallina

163 3418 320 3495 praediti.
369 3419 508 3483 Incolae
532 3419 566 3482 in
590 3412 801 3496 Curaguara³
819 3421 853 3483 in
878 3421 1054 3494 Carangas
1078 3416 1261 3496 plurimum
1286 3418 1366 3482 salis

163 3540 319 3593 gemmae
346 3518 484 3593 habere,
515 3528 549 3583 et
576 3519 678 3583 effodi
706 3519 788 3583 illud
815 3519 904 3584 circa
931 3519 1071 3582 fluvium
1100 3520 1221 3594 Langa
1249 3517 1361 3584 Collo

165 3619 301 3681 Montes
317 3618 445 3682 salinos
461 3619 551 3683 circa
566 3619 699 3698 Jocalla
712 3642 780 3682 non
798 3618 917 3696 procul
933 3642 952 3682 a
970 3618 1097 3698 Potosi,
1113 3619 1362 3683 abundantiam
1455 3677 1457 3681 .

161 3718 241 3782 salis
256 3720 490 3796 suppeditare,
511 3729 546 3783 et
561 3720 650 3784 circa
667 3720 815 3783 mineras
840 3719 994 3796 quotidie
1011 3719 1167 3784 consumi
1183 3719 1266 3783 dicit
1284 3723 1364 3782 1800

162 3819 380 3882 centenarios
401 3815 497 3890 [1500
514 3817 699 3895 pantani

203 3919 349 3982 Baccius
374 3919 409 3982 in
441 3921 604 3995 Thermis,
633 3920 709 3983 Lib.
731 3924 799 3996 oto,
824 3941 865 3982 ex
889 3919 999 3983 Plinio
1022 3919 1138 3993 refert,
1158 3919 1251 3994 quod
1275 3918 1365 3980 sales

161 4019 377 4096 reperiantur
393 4019 537 4096 multum
553 4020 711 4096 colorati;
735 4019 875 4093 scilicet,
890 4021 1029 4082 rubrum
1043 4018 1093 4082 sal
1104 4018 1147 4081 ad
1160 4017 1361 4094 Memphim,

161 4115 272 4182 rulum
302 4119 392 4182 eirea
422 4114 545 4193 Oxum,
576 4140 735 4183 croceum
762 4119 796 4182 in
827 4118 1061 4197 Cappadocia,
1090 4138 1301 4195 purpureum
1327 4117 1362 4179 in

163 4217 291 4282 Sicilia.
324 4218 382 4282 ubi
406 4239 475 4282 non
501 4218 604 4295 longe
627 4219 813 4283 admodum
836 4218 926 4283 circa
951 4218 1073 4282 Gelam
1091 4214 1232 4281 mirifice
1248 4208 1365 4294 splen·

164 4318 259 4382 dere

203 4419 243 4483 In
266 4440 349 4494 agro
372 4418 562 4482 Tarentino
585 4419 757 4482 exiccatur
778 4418 829 4482 sal
851 4418 991 4482 aestivis
1013 4416 1152 4489 solibuS,
1180 4425 1363 4491 totumque
