3442 5302
362 807 404 873 φο
740 789 925 851 nasale
946 789 1162 853 coxarum

364 998 461 1059 supra
484 994 613 1056 aquam,
637 975 854 1053 duplicatque¹
878 975 942 1034 vim
966 975 1047 1052 ignis
1064 993 1135 1035 cum
1158 978 1312 1054 peculiari
1336 980 1506 1047 alembic0.

364 1082 397 1142 ln
414 1079 589 1161 praesentia
605 1077 742 1156 plurium
760 1077 862 1135 multa
879 1076 1102 1153 experimenta
1119 1076 1207 1150 lecit,
1226 1082 1259 1139 et
1274 1096 1390 1155 aquarn
1409 1084 1509 1163 limpi-

363 1182 527 1243 dissimam
559 1178 709 1240 obtinuit.
756 1175 856 1254 Sapor
892 1176 1017 1236 tamen¹
1049 1178 1283 1256 aliquantisper
1318 1185 1509 1260 peregrinus

362 1282 700 1343 animadvertebatur.
729 1277 845 1338 Nautae
874 1278 973 1336 talem
999 1294 1117 1354 aquam
1148 1278 1218 1339 sine
1238 1281 1380 1357 periculo
1407 1285 1507 1348 libere

363 1387 525 1462 poterant.
570 1382 654 1440 lntra
686 1395 725 1454 24
740 1380 837 1438 horas
860 1377 1000 1438 obtinuit
1025 1393 1083 1453 324
1106 1395 1200 1456 aquae
1218 1379 1322 1458 pirates
1344 1400 1417 1443 cum
1442 1403 1507 1448 uno

363 1486 444 1564 pede
460 1485 573 1543 cubico
590 1481 676 1558 ligni.
723 1479 755 1538 ln
773 1495 857 1555 aqua
872 1479 925 1537 illa
942 1479 1063 1557 optime
1079 1479 1177 1539 etiarn
1195 1497 1268 1541 caro
1284 1485 1388 1560 potuit
1401 1489 1507 1565 coqui;

362 1587 481 1664 pariter
497 1581 612 1644 confici
627 1580 730 1659 panis
776 1579 821 1637 Ex
836 1578 856 1650 41
872 1583 973 1638 tonna
989 1580 1165 1639 carbonum
1180 1581 1255 1657 ligni
1268 1587 1301 1642 et
1315 1583 1335 1657 1
1347 1582 1505 1647 fossilium

363 1686 475 1746 baberi
490 1688 641 1762 poterant
656 1680 676 1742 6
693 1681 744 1739 vel
763 1697 780 1754 7
797 1684 908 1739 tonnae
924 1695 1019 1755 aquae
1043 1681 1148 1742 bonae.

403 1802 433 1847 2.
481 1784 593 1861 Quum
612 1783 698 1842 unda
716 1779 813 1839 maris
830 1780 917 1839 salsa
941 1779 972 1839 in
995 1782 1146 1858 scopulos
1169 1780 1293 1842 feritet
1316 1784 1347 1842 in
1371 1802 1505 1864 spumas

361 1885 508 1960 effertur,
527 1886 609 1945 inter
626 1883 778 1960 scopulos
795 1880 844 1939 bic
862 1883 895 1938 et
911 1879 985 1939 inde
1002 1897 1086 1956 aqua
1104 1881 1227 1941 marina
1255 1881 1369 1961 fertur,
1388 1892 1421 1946 et
1436 1889 1505 1950 loca

360 2005 442 2048 caua
469 1988 521 2047 illa
548 1985 778 2062 adimplentur,
807 1981 833 2040 si
860 1996 976 2056 aquam
1004 1980 1090 2040 illam
1122 1983 1258 2057 sentias,
1284 1982 1504 2049 dulcissimam

360 2087 564 2162 adinvenieS,
584 2101 656 2145 narn
675 2101 715 2142 ex
739 2081 914 2160 vaporibus
937 2081 1050 2157 aqueis
1073 2082 1208 2142 collecta
1230 2084 1329 2160 jacet.
1376 2085 1456 2148 Hinc
1473 2090 1504 2150 in

362 2189 513 2261 navibus,
532 2188 606 2246 lana
624 2184 726 2244 scissa
743 2182 792 2242 bic
810 2186 843 2242 et
865 2181 939 2240 inde
963 2198 1019 2258 per
1043 2198 1159 2241 navem
1178 2183 1321 2261 pensiles
1338 2189 1502 2266 teneatur,

358 2307 432 2368 quae
448 2306 503 2366 per
520 2285 751 2346 fluctuationes
768 2280 970 2358 vaporiferas
988 2282 1085 2341 maris
1101 2283 1322 2359 humectatur,
1340 2286 1431 2363 sique
1449 2306 1489 2349 ex

357 2392 514 2470 primatur
530 2387 604 2447 inde
618 2376 702 2462 aqua
715 2401 772 2462 per
785 2383 973 2456 torsionem,
984 2382 1232 2442 diciturdulcem
1247 2400 1363 2461 aquarn
1378 2389 1503 2453 haberi.

399 2507 427 2568 3.
474 2487 717 2566 Simplicissima
734 2483 922 2544 obtinendae
945 2499 1040 2559 aquae
1063 2483 1165 2543 dulcis
1189 2484 1269 2544 ratio
1292 2485 1407 2547 dicitur
1429 2507 1504 2551 esse

295 2632 299 2638 -
355 2610 411 2672 per
427 2589 693 2670 percolationem.
740 2583 979 2661 Experimentis
996 2583 1081 2642 enim
1099 2589 1241 2659 constat,
1259 2585 1334 2646 vino
1351 2591 1385 2647 et
1401 2590 1503 2652 urinae

356 2692 495 2770 repetita
512 2707 568 2768 per
586 2687 723 2765 simplex
740 2685 890 2744 sabulum
908 2683 1158 2743 transmissione
1170 2684 1266 2744 adimi
1285 2703 1347 2746 non
1373 2692 1500 2751 tantum

356 2795 495 2854 colorem
513 2790 569 2850 sed
586 2789 684 2849 etiam
702 2801 864 2864 saporem,
882 2789 915 2844 et
938 2801 1043 2860 genus
1067 2784 1181 2862 lapidis
1205 2785 1236 2843 in
1261 2784 1379 2848 Galliis
1394 2788 1500 2866 detur,

356 2911 412 2973 per
428 2890 538 2970 quem³
554 2889 670 2950 melius
686 2886 863 2948 succedere
880 2902 976 2963 posse
993 2901 1125 2962 operam
1148 2885 1289 2960 videtur,
1309 2904 1383 2947 nam
1401 2890 1502 2967 prima

355 2995 464 3054 statim
484 2993 553 3051 vice
570 2992 709 3067 liquores
726 2986 881 3064 insipidos
896 2985 1102 3047 transmittit.
1150 2985 1256 3063 thue
1276 2987 1395 3066 [aqua]
1415 2992 1501 3052 salsa

355 3095 481 3155 facilius
497 3109 553 3171 per
570 3092 726 3168 majorem
744 3087 848 3147 sabuli
865 3086 988 3164 copiam
1011 3087 1205 3164 percoletur,
1232 3091 1264 3146 et
1288 3089 1421 3164 proinde
1437 3096 1502 3152 sta·

356 3197 412 3256 tirn
429 3195 531 3272 prima
548 3193 599 3252 vel
617 3191 656 3250 ad
674 3205 837 3249 summum
855 3187 958 3246 altera
969 3186 1040 3245 vice
1057 3185 1267 3264 purificetur⁴,
1286 3193 1395 3265 potest
1411 3192 1501 3252 adbi-

356 3296 424 3356 beri
450 3294 599 3353 macbina
626 3289 845 3368 comprimens
869 3288 921 3346 vel
947 3303 1080 3363 sugens.
1127 3284 1159 3346 Si
1186 3287 1235 3345 cui
1263 3289 1402 3365 placeat,
1432 3292 1500 3352 loco

355 3395 509 3474 simplicis
533 3393 638 3453 sabuli
661 3388 806 3450 adbiberi
827 3391 936 3466 potest
960 3386 1184 3464 lithargyrium
1212 3388 1263 3446 vel
1289 3389 1350 3447 alia
1375 3393 1499 3452 saturni

354 3499 439 3557 calx.
458 3494 521 3555 Sed
539 3510 615 3552 num
633 3495 776 3551 eventus
794 3493 869 3549 voto
886 3488 1095 3565 respondeat,
1114 3487 1218 3546 autori
1235 3489 1437 3565 relinquitur.

395 3613 425 3672 4.
466 3594 590 3654 Dicitur
613 3591 710 3651 etiam
742 3607 798 3668 per
823 3587 930 3648 oleum
957 3587 1081 3658 tartari,
1111 3591 1145 3646 ut
1168 3591 1201 3646 et
1225 3604 1282 3666 per
1303 3583 1497 3653 solutionem

355 3698 467 3771 Lunae,
485 3693 679 3773 praecipitari
696 3692 742 3751 sal
760 3690 799 3750 ad
817 3688 965 3762 fundum,
984 3692 1017 3747 et
1033 3704 1150 3763 aquarn
1175 3686 1413 3766 superficialem
1430 3692 1496 3753 dul-

353 3816 423 3859 cem
440 3796 594 3857 euadere.

398 3911 426 3976 5.
465 3895 627 3973 Tempore
650 3892 795 3971 byemali
822 3889 934 3951 haberi
955 3893 1064 3967 potest
1080 3905 1164 3966 aqua
1181 3888 1294 3964 dulcis,
1322 3907 1395 3949 narn
1413 3909 1496 3968 aqua

352 3999 476 4059 marina
489 3996 592 4074 glacie
609 3998 761 4054 concreta
785 3991 957 4051 salsedinis
973 3994 1024 4049 est
1054 4006 1184 4066 expers.
1210 3988 1342 4049 Samuel
1367 3990 1495 4069 Reyhe.

353 4119 419 4174 ruS,
439 4099 489 4159 die
505 4098 525 4158 6
541 4097 649 4169 Febr„
671 4093 785 4172 [1697]
806 4096 962 4170 expertus
986 4094 1049 4162 est,
1074 4088 1237 4166 perfracta
1260 4090 1363 4166 glacie
1379 4091 1495 4168 pedem

351 4218 450 4260 unum
482 4215 605 4258 crassa:
644 4212 670 4256 1.
700 4195 816 4254 Frusta
833 4192 946 4268 glaciei
968 4189 1070 4250 luisse
1094 4190 1289 4250 dulcissima.
1313 4206 1343 4250 2.
1372 4191 1495 4268 Aquam

351 4301 463 4378 glaciei
479 4300 657 4377 proximam
683 4295 793 4356 itidem
819 4294 887 4352 sale
911 4291 1115 4352 destitutam.
1164 4305 1192 4366 3.
1218 4291 1342 4366 Aquam
1360 4291 1497 4368 siphone

351 4399 570 4479 sesquipedali
596 4400 778 4457 extractam
807 4393 930 4453 modice
953 4393 1087 4452 salsam.
1132 4406 1163 4465 4.
1193 4389 1337 4449 Eandem
1360 4391 1496 4468 siphone

349 4499 601 4581 quinquepedali
618 4500 783 4570 haustam,
802 4495 883 4554 adeo
900 4494 1020 4553 salsam
1039 4496 1074 4552 ut
1090 4507 1175 4550 unus
1192 4492 1383 4566 cantharus,
1402 4508 1461 4551 seu
1478 4507 1497 4566 4

350 4604 440 4663 librae
462 4601 630 4673 Romana,
659 4597 753 4657 istius
769 4611 863 4672 aquae
880 4593 944 4671 igni
972 4592 1130 4670 appositae
1155 4592 1243 4651 etin
1267 4608 1421 4670 vaporem
1448 4608 1498 4652 re-
