3442 5302
433 707 548 770 ALIA
578 707 720 772 CIRCA
749 707 841 770 SAL
866 707 1088 771 OBSERVA
1102 707 1173 771 TA.
1352 722 1409 780 Ι45

753 993 863 1057 LVII.

453 1178 564 1241 ALIA
587 1177 729 1241 ClRCA
753 1178 841 1240 SAL
864 1177 1161 1241 OBSERVATA.

249 1349 368 1423 Aquae
396 1344 548 1408 marinae
574 1344 717 1409 accendi
744 1354 898 1421 possunt,
919 1366 998 1408 nam
1025 1366 1232 1422 conspersae
1255 1345 1289 1408 in
1312 1346 1410 1410 flam-

206 1467 292 1522 mas
311 1467 380 1510 non
396 1454 468 1509 tam
486 1466 544 1508 eas
560 1445 774 1521 extinguunt,
795 1466 899 1521 quam
915 1444 1114 1521 incendunt,
1129 1446 1158 1509 si
1173 1445 1333 1510 nimirum
1348 1448 1408 1511 ad·

208 1547 347 1611 modum
371 1544 482 1609 salsae
505 1544 583 1608 sint.
631 1546 661 1608 E
684 1553 806 1610 contra
821 1565 904 1608 vero
920 1544 1004 1608 nihil
1021 1545 1155 1608 facilius
1171 1546 1339 1622 extinguit
1356 1545 1407 1609 in-

204 1646 365 1712 cendiam
381 1645 436 1708 vel
452 1645 566 1720 ignem
584 1667 688 1722 quam
704 1643 754 1707 sal
770 1644 910 1709 siccum.
941 1639 944 1644 ’

248 1749 369 1824 Aquae
395 1744 505 1809 salsae
529 1745 683 1809 nutriunt
706 1745 799 1821 ipsas
823 1745 970 1823 plantas
990 1744 1157 1809 salsarum
1181 1746 1271 1809 enim
1289 1746 1406 1823 irriga-

204 1846 301 1911 tione
338 1845 499 1918 brassica,
532 1846 623 1920 beta,
658 1844 769 1920 rutha,
803 1845 890 1921 alga,
932 1844 1012 1919 koli,
1047 1866 1148 1909 eruca
1184 1854 1401 1922 vegetantur,

203 1969 310 2024 quam
327 1947 372 2010 ob
387 1967 460 2009 rem
475 1944 637 2022 Aegyptii
653 1945 840 2009 brassicam
857 1945 993 2009 nitratis
1012 1946 1111 2022 aquis
1133 1945 1286 2022 irrigant,
1307 1956 1341 2010 et
1358 1946 1406 2011 ita

206 2046 316 2111 multo
332 2046 519 2111 dulciorem
536 2045 814 2121 tenerioremque
831 2045 991 2110 efficiunt.
1041 2046 1196 2111 Baccius.

248 2149 385 2210 Dantur
401 2146 476 2210 loca
493 2145 527 2208 in
543 2145 665 2222 Anglia
687 2154 721 2209 et
744 2145 836 2221 alibi,
857 2166 1002 2222 quorum
1025 2155 1138 2209 terrae
1162 2168 1252 2222 aqua
1269 2147 1402 2210 marina

202 2247 467 2319 foecundantur,
494 2246 542 2309 ita
565 2255 612 2321 ut,
638 2245 805 2322 temporis
828 2254 951 2320 tractu,
978 2246 1211 2310 feracissimae
1238 2246 1407 2312 fertilissi-

207 2368 354 2425 maeque
370 2347 530 2411 evadant.

248 2448 288 2510 ln
324 2445 503 2511 cacumine
534 2446 702 2509 montium
730 2445 988 2511 Canaricasium
1015 2445 1065 2509 sal
1092 2467 1161 2509 non
1188 2446 1274 2510 solvi
1305 2469 1407 2524 posse

204 2547 330 2612 dicitur
345 2568 406 2624 per
421 2568 561 2623 aquam;
578 2567 642 2609 nec
664 2545 698 2609 in
722 2547 889 2624 superiori
913 2546 970 2610 illa
993 2547 1134 2623 regione
1157 2547 1292 2624 operari
1311 2569 1406 2611 men-

205 2655 300 2711 strua
315 2647 349 2710 in
368 2645 519 2720 metalla,
539 2655 575 2710 ut
591 2645 705 2710 solent
720 2646 810 2710 circa
827 2647 977 2711 radicem
994 2647 1131 2711 montis.

247 2746 306 2811 Sal
322 2768 398 2811 cum
412 2746 668 2810 arsenicollavo
684 2746 826 2810 mixtum
840 2755 945 2823 atque
962 2747 1194 2822 sublimatum,
1210 2748 1404 2812 arsenicum

201 2847 330 2922 album,
351 2869 411 2910 seu
427 2846 653 2922 lithargyrum
672 2848 824 2923 praebet.

248 2949 335 3012 Cum
364 2969 472 3024 cupro
499 2969 561 3023 per
590 2947 759 3010 fusionem
788 2948 929 3011 mixtum
957 2946 1017 3019 sal,
1052 2957 1149 3011 extus
1178 2947 1294 3013 colore
1325 2948 1405 3012 albo
1522 2941 1524 2945 ’

201 3057 370 3125 argenteo
377 3070 384 3124 ;
400 3037 517 3111 fucato
533 3057 651 3110 tamen
664 3047 748 3111 illud
764 3047 876 3123 tingit.

127 3143 130 3146 ’
246 3149 399 3226 Cuprum
416 3148 506 3211 ferro
521 3146 576 3209 vel
592 3146 706 3224 lapide
722 3147 922 3210 calaminari
938 3146 1169 3211 adulteratum
1187 3156 1220 3210 et
1237 3169 1314 3212 cum
1331 3149 1403 3212 sale

200 3248 346 3312 culinari
361 3248 484 3321 iusum,
504 3247 628 3311 dicitur
644 3247 863 3323 praecipitari
888 3269 1009 3324 purum
1026 3247 1144 3310 scoriis
1168 3248 1222 3310 vel
1239 3249 1329 3312 ferro
1345 3249 1400 3312 vel

202 3347 316 3424 lapide
332 3347 532 3412 calaminari
549 3347 698 3420 imbutis,
714 3348 1029 3422 supernatantibus
1045 3350 1232 3412 secundum
1251 3348 1402 3412 Glaube-

208 3470 292 3512 rum.

246 3549 282 3612 Si
313 3547 424 3626 pulvis
454 3556 638 3624 argenteus
668 3569 746 3611 cum
771 3548 841 3613 sale
871 3549 1045 3613 communi
1071 3548 1265 3624 misceatur,
1294 3559 1400 3627 atque

199 3669 308 3726 cupro
339 3649 505 3712 mundato
532 3647 715 3721 affricetur,
750 3655 783 3710 et
809 3648 866 3712 illa
896 3648 1054 3714 frictione
1079 3656 1260 3726 argentum
1291 3671 1399 3726 cupro

202 3758 408 3825 apponatur,
442 3748 570 3811 salibus
606 3769 749 3825 cuprum
787 3748 1010 3824 solventibus,
1044 3749 1092 3813 sic
1121 3771 1265 3826 cuprum
1303 3750 1399 3813 dear-

205 3856 386 3924 gentatum
403 3847 528 3925 prodit.
1224 3905 1228 3914 .

243 3950 341 4024 Aqua
357 3947 618 4011 sale·communi
635 3949 873 4024 impraegnata
892 3948 1094 4024 pellucidior
1109 3969 1278 4026 apparere
1295 3948 1394 4024 solet,

199 4069 304 4125 quam
321 4069 411 4124 aqua
434 4047 552 4121 dulciS,
573 4049 663 4124 quod
688 4056 860 4111 testantur
883 4057 1039 4112 coctores
1063 4048 1151 4112 circa
1176 4048 1277 4111 litora
1295 4069 1400 4124 quae-

206 4149 285 4212 dam
302 4148 446 4212 marina.
