3442 5302
616 719 816 784 PONDUS
841 717 1035 804 SALJUM
1368 733 1426 792 135

221 903 373 968 humido.
420 902 513 967 Alias
536 901 641 966 etiam
665 902 827 967 indicium
850 911 914 977 est,
933 902 1055 966 florem
1076 901 1167 966 huuc
1190 900 1270 966 salis
1286 913 1345 966 aut
1361 902 1425 966 im·

222 1025 346 1082 purum
367 1012 593 1080 sequuturum
617 1002 735 1080 salem,
755 1011 814 1068 aut
836 1002 906 1067 cito
931 1002 1070 1080 penitus
1093 1002 1296 1067 desiturum:
1331 1003 1425 1078 quod

222 1103 327 1168 etiam
354 1105 398 1168 ad
414 1103 594 1181 -Epperies
619 1103 654 1166 in
678 1103 805 1168 fodinis
821 1103 1043 1168 observatum
1060 1111 1126 1178 est;
1150 1103 1240 1166 unde
1257 1102 1425 1178 originem

221 1203 316 1269 ducit
331 1205 375 1268 ab
391 1202 697 1281 evaporationibus
712 1203 821 1278 salsis,
838 1224 927 1280 quae
943 1201 1056 1269 adhuc
1072 1210 1253 1266 remanent
1269 1202 1303 1265 in
1319 1211 1423 1278 terra,

223 1325 312 1382 quae
328 1325 389 1382 per
405 1324 509 1381 poros
522 1302 677 1367 duriores
693 1303 817 1381 lapidis
832 1303 971 1367 scissilis
986 1324 1024 1366 se
1039 1302 1257 1367 transudant.
1305 1303 1426 1366 Bress-

222 1405 357 1468 lausche
384 1406 518 1467 Natur-
547 1405 621 1467 und
652 1404 1031 1478 Medz'cin·Gescln'cltte,
1065 1403 1147 1467 anni
1180 1404 1271 1476 1719,
1305 1404 1422 1480 Febr.,

224 1527 256 1582 p.
277 1508 348 1570 180.

759 1705 886 1768 XLIX.

592 1990 595 1997 Ι
620 1907 812 1972 Pouous
837 1907 1028 1972 sacrun.

265 2112 314 2173 10.
341 2111 439 2174 Dfius
466 2108 611 2174 Wolfius
635 2108 909 2186 experimentum
933 2106 1030 2182 fecit;
1057 2127 1184 2183 aquarn
1205 2105 1340 2170 dulcem
1365 2106 1427 2170 im-

223 2210 413 2286 praegnavit
436 2208 507 2272 sale
523 2210 566 2273 ad
582 2208 832 2273 saturationem
850 2228 968 2284 usque,
989 2214 1022 2269 et
1040 2206 1074 2269 in
1091 2206 1208 2282 quiete
1225 2205 1425 2283 aliquandiu

221 2309 369 2385 reliquit,
402 2310 484 2373 dum
521 2308 664 2386 limpida
701 2309 794 2372 facta
830 2307 874 2371 sit
906 2306 1024 2370 muria.
1074 2307 1213 2371 Partem
1245 2305 1425 2384 limpidam

222 2409 365 2474 effundit
391 2411 425 2472 in
450 2409 576 2474 vitrum
597 2407 677 2472 colli
699 2408 849 2484 angusti3
883 2429 988 2484 quum
1013 2406 1092 2469 vitri
1109 2429 1199 2483 aqua
1222 2406 1313 2470 salsa
1329 2406 1423 2484 pleni

222 2509 348 2575 collum
364 2511 593 2573 inverteretur
616 2517 650 2572 et
674 2508 869 2572 mitteretur
884 2507 919 2571 in
935 2528 1063 2583 aquam
1075 2506 1221 2583 dulcem,
1237 2516 1320 2570 tunc
1335 2528 1427 2584 aqua

223 2609 364 2674 inferior
375 2609 484 2674 dulcis
497 2631 559 2687 per
570 2609 696 2673 salsam
710 2608 810 2672 enixa
823 2617 874 2672 est
891 2609 925 2670 in
938 2607 1058 2682 altum,
1075 2615 1109 2670 et
1123 2607 1213 2670 salsa
1225 2607 1270 2671 ad
1281 2606 1425 2672 fundum

223 2709 300 2774 loco
323 2732 422 2786 aquae
446 2711 609 2787 subjectae
633 2708 752 2783 dulciS,
771 2708 845 2772 sine
868 2709 967 2772 unius
990 2707 1174 2772 alteriusve
1190 2706 1332 2784 liquoris
1349 2707 1427 2771 mis-

222 2799 296 2874 cela
321 2821 355 2873 et
379 2809 595 2885 confusione;
629 2809 760 2887 pariter
783 2809 918 2884 accidit,
937 2808 966 2871 si
983 2808 1017 2871 in
1034 2829 1115 2872 vase
1131 2808 1242 2871 vitreo
1257 2807 1426 2884 superiori

223 2920 313 2974 esset
329 2931 420 2987 aqua
435 2909 544 2974 dulcis
560 2918 594 2973 et
610 2909 645 2972 in
660 2909 821 2973 interiore
833 2910 934 2972 salsa.
976 2909 1111 2972 Exinde
1123 2915 1280 2985 apparet,
1295 2916 1426 2983 quanta

222 3009 416 3075 differentia
432 3009 595 3087 ponderis
610 3009 654 3073 sit
670 3009 759 3073 inter
775 3008 944 3085 liquorem
960 3007 1089 3072 salsum
1105 3017 1140 3072 et
1156 3007 1315 3072 dulcem:

264 3112 352 3175 Cum
375 3109 425 3174 sal
447 3110 482 3175 in
505 3131 595 3186 aqua
618 3108 771 3184 solvitur,
791 3118 938 3185 augetur
952 3109 1032 3172 inde
1049 3109 1184 3185 pondus
1201 3107 1309 3184 magis
1325 3130 1425 3185 aquae

223 3233 327 3287 quam
343 3209 517 3275 volumen.

265 3313 304 3375 ln
330 3333 421 3388 aqua
447 3310 557 3375 salina
584 3312 693 3387 major
715 3309 816 3386 copia
838 3308 920 3372 salis
936 3308 1106 3386 reperitur
1121 3330 1226 3386 quam
1243 3318 1295 3373 est
1312 3309 1426 3373 differ-

223 3411 316 3476 entia
342 3410 504 3488 ponderis
529 3410 620 3474 inter
645 3431 771 3486 aquam
797 3431 918 3486 puram
946 3419 981 3473 et
1006 3407 1132 3473 salsam
1156 3409 1308 3486 ejusdem
1332 3408 1428 3472 volu·

222 3511 334 3581 minis,
359 3520 393 3574 et
418 3510 556 3574 videtur
579 3511 672 3587 quod
697 3508 748 3573 sal
772 3509 806 3572 in
831 3531 868 3572 se
891 3509 1069 3573 contineat
1092 3530 1220 3585 aquam
1243 3508 1421 3574 inclusam.

223 3609 430 3675 Observavit
461 3612 560 3674 Dfius
589 3609 724 3673 Ekhart
755 3618 789 3672 et
820 3609 903 3673 mihi
934 3609 1212 3683 communicavit,
1246 3611 1339 3686 quod
1365 3630 1427 3672 vas
1528 3628 1532 3633 ’

222 3713 397 3788 quoddam
418 3732 529 3787 capax
554 3713 593 3774 13
613 3710 795 3774 lothonum
818 3732 917 3786 aquae
933 3709 1052 3784 dulcis,
1071 3710 1100 3773 si
1115 3731 1213 3786 aquae
1230 3709 1427 3788 injiciantur

222 3813 240 3874 2
265 3811 426 3875 lothones
449 3810 540 3886 salia,
559 3819 642 3874 tunc
665 3811 835 3887 ponderat
860 3811 981 3874 eadem
1005 3831 1094 3886 aqua
1120 3813 1158 3874 15
1174 3808 1345 3884 lothones
1365 3811 1426 3874 sed

222 3912 250 3976 si
266 3912 462 3976 effundatur
477 3909 534 3974 illa
550 3932 641 3987 aqua
658 3919 692 3973 et
716 3911 793 3974 loco
809 3911 881 3987 ejus
897 3909 1099 3973 infundatur
1114 3931 1204 3973 nova
1220 3911 1263 3973 ad
1280 3910 1426 3973 eandem

222 4011 441 4076 altitudinem
465 4032 543 4075 cum
569 4032 658 4088 aqua
684 4010 798 4087 priore
820 4009 921 4086 salsa,
941 4020 1023 4074 tunc
1039 4031 1130 4086 aqua
1146 4008 1254 4073 dulcis
1268 4009 1425 4085 ejusdem

222 4110 413 4177 altitudinis
428 4111 483 4175 vel
498 4109 692 4187 voluminis
709 4111 880 4188 ponderat
891 4110 1139 4174 tantummodo
1156 4101 1231 4181 13½
1252 4107 1423 4184 lothones

221 4212 311 4275 unde
328 4210 561 4288 consequitur,
576 4209 738 4275 volumen
754 4231 824 4273 non
840 4208 1019 4287 aequaliter
1035 4231 1113 4273 cum
1128 4208 1280 4285 pondere
1294 4206 1422 4284 augeri.

263 4311 401 4376 Pondus
427 4333 526 4388 aquae
553 4312 597 4374 ad
623 4312 758 4388 pondus
781 4309 863 4374 salis
886 4309 1074 4374 secundum
1098 4306 1334 4384 experimenta
1351 4327 1426 4370 esse

221 4410 310 4475 solet
327 4419 363 4476 ut
381 4415 475 4488 1,000
491 4413 535 4477 ad
550 4413 656 4487 2125.
