3524 5314
385 745 426 821 64
750 744 809 808 DE
830 743 938 807 SALE
960 742 1182 808 COMMUNI.

384 928 483 990 finem
501 929 646 1004 flamma,
666 933 814 990 nontam
838 928 1003 1008 copiosum
1031 946 1091 990 nec
1114 934 1181 991 tam
1206 931 1280 991 leve
1303 948 1341 992 ac
1363 949 1538 1009 granosum

385 1033 431 1091 sal
450 1029 519 1091 fieri
536 1047 573 1090 ac
591 1031 617 1091 si
634 1031 736 1091 coctio
754 1029 870 1090 leniter
887 1030 1044 1108 procedit.

429 1129 704 1208 Coagulationem
717 1146 845 1208 quoque
857 1135 1040 1209 promovet,
1052 1130 1078 1191 si
1092 1147 1155 1191 non
1168 1130 1329 1192 cerevisia
1344 1132 1402 1193 sed
1419 1135 1540 1211 zythus

385 1231 574 1309 (bromholm)
602 1235 658 1291 aut
674 1228 890 1312 Ldbejunensis
903 1230 1075 1306 cerevisia,
1103 1247 1179 1308 quae
1206 1233 1363 1292 subacida
1391 1238 1454 1308 est,
1483 1239 1539 1294 aut

383 1333 467 1409 quod
485 1331 602 1393 melius
618 1331 724 1392 adbuc
742 1335 806 1407 est,
824 1332 950 1406 vinum,
969 1332 1031 1391 sub
1048 1331 1197 1392 coctione
1213 1333 1429 1410 admiscetur;
1449 1334 1537 1413 spiri·

383 1437 436 1494 tus
453 1433 519 1492 vini
536 1432 651 1492 dicitur
667 1432 765 1492 etiam
790 1432 928 1493 multum
953 1430 1104 1493 conterre
1121 1431 1161 1491 ad
1187 1433 1535 1510 chrystallisationem.

423 1533 477 1594 Sal
494 1533 547 1610 qui
565 1533 625 1592 sub
643 1531 792 1592 coctione
809 1531 989 1602 concrevit,
1007 1532 1162 1610 spathula
1186 1533 1322 1611 provide
1343 1533 1537 1595 eximendus

381 1637 445 1709 est,
465 1650 505 1693 ne
522 1634 704 1694 concitetur
721 1631 797 1692 inde
815 1632 914 1693 nimia
942 1632 1116 1693 commotio
1143 1637 1177 1692 et
1202 1649 1305 1711 grana
1332 1633 1449 1694 iterum
1476 1634 1537 1694 dis·

380 1735 573 1814 jungantur.
599 1732 681 1793 llinc
697 1732 781 1794 Actu
797 1733 903 1813 Angl:
920 1750 951 1811 p.
969 1733 1042 1810 885,
1060 1733 1332 1812 praeparationem
1346 1734 1423 1794 salis
1437 1734 1537 1796 Nant-

385 1833 547 1894 wlcensis¹
564 1833 747 1908 tradentes
766 1837 968 1895 memorant:
995 1833 1080 1909 quod
1097 1835 1144 1893 sal
1162 1833 1193 1893 ln
1210 1833 1344 1894 cortinis
1360 1834 1537 1895 minoribus

350 1916 354 1924 ⁵
383 1934 505 1995 bitrorio
521 1935 647 1997 circiter
663 1932 848 1994 conlectum
863 1934 958 2011 longe
973 1934 1089 1993 melius
1100 1934 1131 1993 in
1143 1950 1218 1993 aere
1231 1933 1387 2012 perduret
1401 1951 1441 1995 eo
1452 1935 1535 2012 quod

383 2035 415 2095 in
439 2033 703 2114 profundioribus
727 2034 913 2094 elaboratur
936 2037 969 2094 et
993 2050 1122 2113 semper
1146 2050 1165 2093 e
1194 2033 1304 2095 lixivio
1333 2035 1536 2112 extrahitur;

384 2136 458 2196 licet
481 2135 541 2196 boc
565 2135 617 2195 illo
641 2136 683 2194 sit
706 2134 847 2209 mollius,
873 2135 976 2212 magis
998 2151 1174 2211 granosum
1193 2139 1227 2194 et
1244 2133 1362 2195 levius,

426 2235 638 2297 Memorabile
655 2240 717 2310 est,
735 2234 820 2310 quod
838 2236 898 2310 sal,
914 2239 1086 2313 repurgata
1103 2235 1144 2294 ab
1161 2235 1412 2295 adhaerescente
1430 2235 1534 2315 lapide

382 2337 519 2412 cortina,
537 2336 674 2414 primum
693 2340 832 2410 coctum,
852 2352 915 2395 non
940 2335 1078 2395 eandem
1103 2335 1297 2410 bonitatem,
1315 2335 1484 2396 levitatem
1502 2341 1535 2396 et

383 2439 531 2507 nitorem,
545 2436 695 2513 idemque
706 2435 834 2514 pondus
845 2435 1053 2514 adipiscatur,
1066 2452 1103 2495 ac
1115 2435 1144 2496 id
1154 2435 1240 2512 quod
1250 2435 1457 2514 postmodum
1470 2437 1534 2497 ela-

381 2540 514 2598 boratur
525 2557 533 2614 ;
551 2554 658 2614 neque
674 2541 787 2596 tamen
805 2541 841 2596 ut
856 2535 896 2595 ad
915 2535 1045 2596 nimiam
1064 2536 1181 2596 molem
1198 2553 1235 2596 ac
1253 2535 1433 2596 crassitiem
1458 2537 1533 2616 lapi-

380 2639 459 2699 dosa
476 2638 537 2698 ista
554 2637 690 2698 materia
708 2640 900 2697 concrescat
916 2636 1161 2697 concedendum
1181 2640 1244 2698 est.

423 2738 477 2801 Sal
488 2737 876 2798 Hallensehumiditatem
895 2754 935 2796 ex
948 2753 1025 2796 aere
1041 2736 1196 2816 principio
1212 2737 1380 2811 absorbet,
1398 2742 1432 2798 et
1447 2743 1532 2816 post-

382 2839 512 2901 modum
537 2838 687 2898 subsidet
709 2841 809 2915 atque
833 2836 982 2912 concidit,
1001 2836 1059 2897 sed
1084 2853 1147 2897 non
1172 2835 1342 2897 difficulter
1366 2839 1426 2898 boc
1453 2839 1533 2916 [ele-

382 2940 546 3016 mentum]
567 2941 608 2998 ab
632 2939 683 2999 illo
700 2940 883 3016 separatur,
902 2937 927 2997 si
946 2953 1062 3016 nempe
1080 2937 1244 3013 liquamen
1262 2938 1386 2997 salsum
1404 2939 1489 3016 quod
1513 2956 1531 2998 a

378 3041 483 3119 glebis
499 3040 654 3114 destillat,
674 3055 733 3098 nec
751 3055 814 3098 non
831 3038 907 3098 illud
923 3037 1008 3114 quod
1025 3036 1118 3098 finita
1130 3037 1277 3098 coctione
1290 3042 1452 3113 remanet,
1468 3055 1530 3100 non

380 3159 493 3202 rursus
508 3139 666 3217 salsugini
682 3139 714 3198 in
730 3139 964 3216 conceptaculo
980 3137 1188 3206 admiscetur.
1212 3137 1345 3198 Accedit
1359 3139 1531 3215 quodlicet

379 3243 439 3302 hoc
456 3243 503 3301 sal
520 3240 638 3317 aliquid
652 3238 855 3299 humiditatis
871 3255 912 3298 ex
928 3255 1005 3299 aere
1021 3235 1186 3312 admittat,
1204 3242 1352 3298 attamen
1369 3238 1395 3298 si
1411 3238 1531 3299 diutius

378 3344 409 3404 in
435 3342 548 3402 eodem
565 3339 744 3413 detinetur,
762 3338 891 3418 copiose
908 3338 1053 3417 ampliori
1069 3342 1103 3398 et
1118 3338 1276 3417 capaciori
1293 3338 1364 3398 vasi
1380 3338 1528 3414 inditum,

378 3443 575 3522 procedente
592 3446 739 3518 tempore
755 3439 915 3514 siccescit,
933 3442 1137 3516 compactum
1154 3438 1267 3499 evadit
1282 3455 1319 3498 ac
1336 3438 1466 3515 durum,
1495 3444 1530 3499 ut

379 3546 410 3605 in
428 3560 504 3604 aere
517 3541 682 3621 perduret.

420 3642 631 3705 Memorabile
661 3646 712 3701 est
727 3641 812 3717 quod
829 3657 870 3699 ex
886 3641 974 3700 salso
990 3639 1052 3700 isto
1069 3639 1245 3715 liquamine
1267 3638 1353 3716 quod
1375 3640 1527 3718 guttatim

377 3745 512 3823 aglebis
528 3742 657 3816 decidit,
675 3758 731 3819 per
748 3740 930 3802 coctionem
948 3740 1053 3819 parari
1069 3739 1172 3819 possit
1187 3741 1235 3800 sal
1252 3740 1463 3801 amaricantis
1478 3757 1527 3800 sa·

378 3846 463 3926 poris
496 3844 581 3921 quod
618 3857 658 3918 24
694 3842 846 3902 horarum
882 3840 986 3920 spatio
1010 3840 1076 3901 aeri
1100 3841 1284 3919 expositum
1309 3839 1469 3902 madescit
1490 3857 1527 3901 ac

378 3945 538 4024 liquescit.
628 3995 632 4003 .

420 4045 491 4108 Non
510 4044 617 4104 minus
634 4047 814 4103 memoratu
831 4041 963 4119 dignum
981 4025 1032 4102 es't
1046 4040 1132 4118 quod
1149 4040 1180 4101 in
1193 4039 1525 4102 lontibusTeuschen

376 4153 410 4208 et
434 4144 641 4219 Haclreborn,
666 4144 696 4203 in
720 4141 822 4203 fundo
844 4143 885 4203 ad
908 4141 1009 4219 ipsius
1032 4143 1194 4202 scatebrae.
1216 4158 1283 4217 ora,
1308 4141 1468 4220 compacti
1489 4157 1525 4202 ac

376 4247 524 4308 duriores
540 4244 617 4305 salsi
640 4244 775 4323 lapides,
803 4260 844 4304 ex
869 4242 982 4303 stratis
1008 4242 1102 4320 quasi
1126 4241 1270 4317 contlati,
1298 4245 1524 4316 concrescant,

375 4349 429 4428 qui
445 4345 584 4407 eandem
602 4345 661 4405 sibi
680 4344 847 4405 vindicant
868 4343 1024 4422 originem
1048 4359 1121 4403 cum
1146 4342 1290 4421 lapidosa
1313 4342 1366 4402 illa
1390 4342 1525 4403 materia

375 4465 449 4527 quae
465 4446 600 4508 cortinae
616 4445 775 4506 lateribus
791 4444 997 4515 adhaerescit,
1016 4461 1054 4504 ac
1073 4459 1087 4521 3
1105 4443 1228 4503 dierum
1246 4443 1351 4522 spatio
1364 4442 1404 4504 ad
1420 4457 1456 4504 12
1467 4443 1524 4504 lib-

375 4566 481 4611 rarum
498 4547 627 4628 pondus
643 4545 804 4608 increscit.
849 4544 899 4606 De
916 4545 967 4606 his
983 4544 1057 4605 vide
1076 4544 1192 4606 melius
1210 4541 1292 4622 Cap.
1310 4542 1427 4607 XLlV.'
