3442 5302
750 731 809 795 oc
829 731 935 796 snm·
957 731 1173 818 commum

406 3427 473 3504 Fig:
488 3443 521 3508 7.
568 3427 625 3487 Est
642 3427 805 3488 naviculae
821 3427 991 3504 cujusdam
1016 3430 1154 3509 species,
1174 3429 1276 3508 prdm,
1299 3428 1381 3488 altas
1404 3428 1510 3502 dictae,

364 3529 500 3588 initium
519 3545 612 3588 usum
630 3531 840 3603 constructae,
859 3532 894 3588 ut
909 3545 994 3606 aqua
1011 3545 1029 3588 e
1052 3528 1249 3608 profundiori
1267 3528 1365 3589 maris
1382 3529 1513 3606 regione

364 3627 512 3689 subtrahi
535 3627 649 3707 possit,
674 3644 746 3687 cum
770 3627 1021 3705 deprehendant
1054 3630 1084 3690 in
1114 3628 1215 3690 tundo
1237 3629 1405 3690 salsiorem
1437 3645 1512 3689 esse

363 3745 460 3807 quam
478 3745 596 3789 versus
611 3726 830 3807 superficiem.
867 3725 1082 3790 Canalicutus
1100 3729 1322 3808 serpentinus¹
1335 3744 1513 3792 coreaceus

254 3909 257 3917 Ι
363 3817 503 3890 in'mare
520 3828 698 3908 projicitur;
722 3828 753 3888 in
771 3829 982 3890 extremitate
998 3830 1098 3907 hujus
1114 3829 1189 3890 corii
1214 3835 1266 3892 est
1282 3829 1414 3892 affixum
1431 3846 1513 3910 pon-

364 3930 437 4005 dus,
454 3929 541 3990 unde
557 3929 639 4008 petit
654 3927 805 4004 tundum,
823 3945 963 4006 cumque
980 3929 1148 4010 delapsum
1166 3931 1264 4010 piene
1280 3936 1343 4006 est,
1368 3931 1511 4010 aperitur

362 4029 516 4093 orificium
533 4047 594 4109 ope
610 4031 754 4090 cochieae
770 4029 800 4090 in
818 4027 919 4091 tundo
937 4031 1031 4092 navis
1046 4029 1117 4090 sive
1133 4047 1193 4110 ope
1205 4031 1366 4091 machinae
1383 4029 1420 4108 B,
1437 4047 1511 4110 quae

363 4132 476 4193 similis
492 4131 553 4192 erit
568 4130 728 4210 appositae
745 4131 810 4208 Fig:
830 4128 868 4192 Β.
914 4129 1006 4191 Tunc
1023 4135 1140 4210 sponte
1157 4148 1217 4191 suo
1239 4131 1376 4209 emergit
1391 4148 1477 4210 aqua
1493 4147 1511 4190 e

362 4232 463 4294 tundo
478 4232 509 4292 in
528 4230 727 4306 naviculum,
744 4247 884 4309 cumque
901 4236 954 4292 sat
976 4248 1071 4310 aquae
1094 4246 1258 4292 emersum
1275 4231 1328 4307 sit,
1356 4229 1510 4293 orificium

361 4335 477 4394 iterum
495 4332 654 4393 clauditur
671 4335 704 4392 et
720 4333 870 4393 elevatur
886 4331 1023 4408 canatis;
1040 4349 1081 4392 ex
1096 4332 1183 4407 navi,
1211 4349 1268 4411 per
1280 4332 1451 4411 siphonem
1467 4330 1514 4408 C,

362 4434 437 4496 dein
454 4434 642 4494 exantlatur
659 4433 690 4496 in
708 4433 813 4496 locum
830 4449 1060 4511 quemcunque
1077 4433 1159 4492 vetis
1176 4432 1290 4495 domus
1306 4437 1373 4494 tuae
1389 4449 1510 4513 evapo-

364 4534 504 4600 ratoriae.
