3524 5314
385 702 544 769 COCTIO
566 697 687 770 SALIS
708 705 764 768 EX
773 700 913 785 'AQtJA
936 704 1151 772 FONTANA
1176 708 1352 774 GALLIAE.
1399 707 1448 787 ‘47

293 886 434 948 terreum
462 889 531 949 sive
559 891 590 950 in
618 907 682 968 quo
709 891 812 952 coctio
839 893 1031 967 instituitur,
1062 911 1152 954 muro
1179 895 1305 955 cuidam
1334 894 1447 956 iormae

292 989 463 1065 quadratae
473 990 640 1066 innititur,
658 996 776 1069 estque
794 993 859 1052 tale
873 1011 933 1052 vas
950 995 1213 1072 evaporatorium
1228 1012 1269 1056 ex
1282 995 1368 1058 terro
1381 997 1449 1057 lori·

296 1089 476 1169 gitudinem
493 1090 513 1150 6
530 1086 679 1151 ulnarum
698 1093 837 1168 habenS,
857 1097 891 1153 et
907 1093 1111 1154 latitudinem
1129 1111 1148 1172 3¹
1161 1093 1213 1155 ve'i
1230 1112 1261 1172 4,
1279 1114 1319 1156 ex
1336 1095 1450 1157 terreis

290 1189 425 1251 'laminis
442 1201 613 1252 constans.
660 1192 724 1254 Vas
742 1193 884 1271 repletur
908 1210 992 1270 aqua
1017 1195 1154 1269 marina,
1180 1195 1351 1271 etquantn
1375 1215 1450 1276 pars

302 1293 1448 1375 evaporatur,tantarursusimmittitur3intereaopecorrticujusdam

299 1391 395 1470 lignei
410 1391 565 1469 agitatur,
585 1409 637 1468 ne,
657 1393 792 1469 scilicet,
810 1394 885 1470 quid
901 1393 1003 1455 fundo
1024 1395 1193 1457 adhaer'eat
1215 1394 1303 1457 unde
1326 1415 1386 1458 vas
1409 1400 1449 1460 ab

297 1493 370 1570 igne
397 1492 545 1552 consumi
569 1496 603 1553 et
625 1495 825 1554 concremari
849 1499 976 1573 potest;
1014 1497 1181 1557 obtinetur
1208 1513 1219 1557 1
1246 1503 1347 1559 tonna
1372 1498 1450 1560 salis

297 1593 402 1672 spatio
417 1608 459 1668 24
476 1594 641 1654 horarum.
689 1594 777 1654 Alias
793 1595 957 1673 peragitur
970 1597 1019 1655 hic
1033 1598 1137 1657 coctio
1150 1598 1263 1658 eodem
1279 1600 1373 1661 modo
1386 1615 1449 1676 quo

299 1693 450 1754 Bohusiae
466 1694 497 1754 in
515 1692 642 1757 Svecia.

286 1805 289 1810 '
337 1792 450 1871 Quum
463 1794 523 1854 iter
535 1789 699 1873 peragitur
711 1795 751 1854 ad
771 1795 933 1874 Dragn'as,
949 1797 1074 1857 scilicet
1087 1799 1218 1876 propius
1236 1817 1353 1860 versus
1377 1817 1450 1878 sep·

298 1895 508 1970 tentrionem,
528 1896 734 1973 reperiuntur
751 1896 848 1956 etiam
866 1898 977 1975 piures
994 1899 1247 1976 evaporationes
1263 1900 1304 1960 ibi
1322 1902 1448 1961 institu-

298 2002 361 2069 tae3
379 1996 420 2056 ibi
446 2000 525 2056 sunt
552 2013 633 2056 vasa
660 1997 888 2076 evaporatoria
915 1998 1119 2075 aliquantum
1148 1999 1283 2078 majora,
1312 2001 1446 2075 scilicet,

298 2080 530 2174 iongitu'dinep
546 2097 708 2172 ulnarum,
727 2103 760 2158 et
777 2097 948 2158 latitudine
966 2100 1016 2179 ἦ.
1062 2097 1230 2176 Peragitur
1246 2099 1446 2162 coctio‘tem·

297 2213 373 2274 pore
390 2197 548 2274 hyemali,
567 2197 783 2258 diciturenim
801 2203 949 2277 tempore
970 2199 1122 2277 hyberno
1145 2217 1261 2276 aquam
1288 2202 1444 2262 marinam

297 2297 365 2358 saie
383 2297 485 2375 magis
501 2297 747 2376 impraegnatam
765 2315 840 2358 esse
855 2319 863 2374 ;
878 2299 982 2378 spatio
999 2314 1039 2374 24
1051 2299 1382 2361 horarum'obtinetur
1395 2303 1445 2363 hic

301 2413 312 2457 1
331 2397 370 2457 ad
391 2399 428 2477 1}
444 2403 545 2458 tonna
561 2398 650 2458 salis.

827 2582 938 2644 XXII.-

370 2763 553 2827 coeno
578 2764 694 2826 saus
720 2765 772 2840 ex
797 2764 920 2843 noun
946 2715 1377 2852 roumua'tanturn>
1424 2815 1426 2828 ,

338 2899 423 2960 inter
442 2901 540 2977 hujus
566 2900 697 2977 generis
724 2916 823 2978 opera
851 2901 955 2960 salina
985 2899 1105 2961 Gaiiiae
1132 2903 1369 2963 celiberrimum
1395 2907 1446 2965 es't

297 3000 373 3060 iilud
389 3001 474 3077 quod
488 2999 693 3060 exstructum
712 3006 763 3060 est
780 3001 864 3061 circa
877 2999 1178 3076 Hancne-Comte,
1200 3003 1284 3063 unde
1306 3004 1447 3064 habetur

298 3101 501 3161 abundantia
523 3101 612 3161 satis
661 3100 787 3161 Nomen
816 3102 905 3161 urbis
925 3099 1066 3179 [Satius]
1086 3120 1104 3161 a
1121 3103 1235 3164 Salina
1252 3104 1363 3189 datum
1382 3111 1444 3180 est,

298 3207 414 3278 estque
432 3202 510 3262 urbs
527 3200 700 3260 admodum
719 3201 812 3261 dives
828 3206 861 3262 et
878 3202 991 3262 incolis
1007 3203 1103 3280 piena
1120 3223 1127 3278 ;
1144 3203 1213 3280 ipsa
1230 3204 1327 3264 etiam
1350 3217 1447 3284 opera

298 3302 450 3362 salinaria
468 3302 609 3380 speciem
634 3302 797 3378 quandam
824 3302 913 3362 urbis
938 3304 1099 3380 praebent,
1125 3307 1218 3363 tanta
1243 3305 1329 3364 enim
1355 3305 1445 3384 copia

298 3407 348 3463 est
365 3400 572 3462 aedifrciorum
590 3407 623 3462 et
641 3419 797 3463 numerus
811 3409 1018 3481 operatorum
1035 3407 1068 3462 et
1084 3402 1326 3482 praefectorum.

339 3502 420 3582 lpsae
437 3507 533 3562 venae?
549 3503 687 3566 iontium
705 3504 879 3564 salinorum
898 3505 958 3563 sub
976 3504 1102 3580 magnis
1121 3503 1315 3581 quibusdam
1340 3507 1446 3567 volvis

298 3610 332 3665 et
348 3604 491 3664 arcubus
508 3609 587 3664 sunt
604 3605 688 3679 sitae,
706 3604 812 3681 adque
829 3604 900 3664 iiius
916 3620 972 3682 per
985 3618 1025 3680 40
1040 3604 1159 3681 gradus
1177 3605 1444 3667 descendendum
1536 3665 1538 3672 ,

283 3711 362 3782 ·est;
390 3706 460 3784 ipsa
489 3722 575 3765 vena
592 3703 710 3782 aquarn
732 3705 956 3783 copiosissime
979 3705 1178 3783 suppeditat,
1203 3710 1237 3766 et
1261 3712 1397 3767 vocatur
1418 3710 1448 3772 le

293 3807 398 3888 grand
411 3804 508 3884 puiis
557 3805 613 3866 Hic
630 3807 728 3867 etium
747 3805 853 3864 mirari
870 3805 956 3878 iicet,
974 3822 1091 3881 aquam
1109 3806 1273 3882 quandam
1299 3807 1446 3868 dulcissi-

299 3921 382 3966 mam
400 3924 441 3965 ex
459 3921 537 3984 rupe
554 3906 668 3966 eadem
686 3907 717 3967 in
735 3907 840 3966 medio
857 3906 941 3966 inter
958 3907 1063 3965 venas
1086 3907 1146 3966 tras
1173 3907 1295 3968 salinas
1318 3911 1443 3987 propul-

299 4007 419 4082 luiare;
436 4011 470 4067 et
485 4006 593 4067 sciunt
608 4024 681 4067 cum
700 4008 802 4067 muita
818 4007 976 4066 industria
992 4023 1095 4082 aquas
1112 4008 1172 4067 has
1195 4008 1334 4068 invicem
1352 4026 1446 4088 sepa·

298 4123 381 4182 rare,
399 4106 528 4167 sienim
547 4107 774 4182 miscerentur,
792 4113 871 4168 tunc
887 4124 960 4166 cum
979 4108 1081 4167 muita
1098 4106 1287 4168 difficultate
1300 4111 1445 4186 operatio

298 4208 349 4267 vei
367 4207 558 4286 evaporatio
574 4225 732 4285 aquarum
750 4207 781 4267 in
799 4209 900 4268 satem
919 4206 1156 4268 institueretur.

342 4308 422 4368 Hinc
453 4318 649 4387 separantur
671 4324 767 4384 aquae
794 4310 854 4367 sub
882 4308 983 4385 primo
1011 4325 1086 4367 arcu
1115 4325 1171 4385 per
1199 4307 1284 4367 coria
1311 4309 1362 4367 vei
1388 4326 1445 4387 per

298 4410 400 4486 peiles
425 4408 580 4487 plurimas
608 4409 746 4469 bovinas
776 4409 815 4468 ad
843 4409 929 4468 hune
957 4423 1050 4467 usum
1079 4407 1199 4485 optime
1229 4413 1443 4486 praeparataS,

297 4525 433 4586 quarunt
450 4527 510 4593 ope
527 4509 771 4588 distinguuntur
795 4491 956 4593 aperturae
984 4507 1070 4590 rupis
1096 4523 1153 4590 per
1178 4524 1260 4589 quas
1287 4514 1445 4569 emanant
