3442 5302
442 708 446 714 1
494 622 698 686 FIGURAE
722 623 864 686 SALJS
889 621 1154 688 COMMUNIS
1367 637 1422 696 131

223 807 371 896 majores
394 814 428 869 et
452 804 691 882 elegantiores
712 828 788 882 quae
805 804 1009 883 plerumque
1025 805 1275 883 pyramidalem
1292 805 1429 883 quadri-

223 906 369 970 lateram
385 906 532 969 lormam
548 905 688 970 habent.

264 1008 444 1069 Marinum
469 1016 503 1070 et
524 1009 711 1081 fontanum
735 1005 785 1070 sal
812 1007 928 1083 quoad
950 1007 1095 1082 figuram
1115 1006 1188 1070 iere
1214 1005 1423 1080 coincidunt,

222 1107 286 1170 nisi
302 1108 396 1183 quod
411 1105 588 1183 chrystalli
605 1106 744 1171 marinae
761 1107 829 1171 sint
845 1106 1060 1183 aliquantum
1078 1108 1235 1184 majores,
1255 1127 1429 1184 saporque

222 1207 342 1279 acrior,
383 1206 624 1284 penetrantior
660 1216 694 1271 et
730 1206 986 1272 amaricantior.
1047 1201 1249 1271 Fontanum¹
1285 1216 1427 1273 externo

221 1317 365 1385 aspectu
389 1306 531 1370 alumini
557 1306 679 1382 simile,
705 1314 740 1370 et
764 1307 875 1371 forma
899 1307 980 1371 salis
1002 1302 1149 1371 fontani²
1173 1307 1347 1384 praecipue
1374 1315 1426 1371 est

221 1408 341 1472 cubica
372 1405 666 1495 paralelopipeda,
700 1412 734 1470 et
764 1416 902 1472 secatur
930 1407 1060 1481 eubice,
1083 1406 1287 1483 'praesertim
1318 1428 1426 1484 genus

221 1507 304 1571 illud
321 1499 530 1585 pellucidum
546 1505 818 1583 chrystallinum.

265 1610 396 1672 Notatu
420 1607 524 1671 etiam
540 1606 681 1684 dignum
699 1616 761 1682 est,
781 1607 874 1684 quod
889 1606 940 1671 sal
957 1629 1101 1683 gemmae
1118 1607 1263 1683 figuram
1280 1608 1426 1696 quadra·
1484 1683 1486 1688 Ι

221 1717 293 1772 tam
323 1717 394 1771 tam
426 1707 460 1770 in
488 1707 610 1770 minori
637 1729 740 1784 quam
765 1707 799 1770 in
823 1707 943 1784 majori
967 1716 1226 1797 granotserven
1256 1715 1424 1783 quantum

222 1807 313 1872 enim
337 1806 455 1871 oculus
471 1815 624 1870 armatus
641 1807 885 1884 microscopiis,
905 1807 946 1870 iis
962 1807 1067 1871 etiam
1094 1806 1330 1880 exactissime,
1350 1828 1425 1884 per·

220 1908 354 1986 spicere
380 1906 483 1982 valet,
504 1897 611 1984 usque
637 1916 755 1970 tamen
781 1907 866 1971 nihil
889 1907 953 1971 nisi
976 1908 1120 1984 figuram
1143 1907 1300 1971 cubicam
1323 1916 1358 1970 et
1381 1908 1424 1971 ab

222 2008 315 2071 omni
346 2007 453 2071 latere
484 2007 689 2083 quadratam
720 2018 754 2072 et
785 2009 931 2072 eandem
960 2007 995 2071 in
1021 2006 1140 2070 salinis
1167 2007 1219 2070 his
1247 2006 1425 2084 particulis

221 2108 396 2172 denudare
422 2114 548 2184 potest,
568 2108 774 2171 observante
803 2108 882 2170 Dno
908 2106 1220 2172 Leeuwenhoekio
1269 2109 1424 2184 Apparet

221 2208 326 2272 etiam
350 2207 416 2271 hoc
438 2228 516 2270 eum
539 2206 589 2270 sal
605 2228 750 2282 gemmae
766 2207 938 2283 dividitur,
958 2207 1051 2284 quod
1068 2207 1140 2270 fieri
1157 2206 1259 2271 oculo
1272 2215 1373 2271 tenus
1388 2207 1423 2271 in

219 2307 376 2373 lamellas
392 2306 552 2371 minimas
568 2316 602 2370 et
619 2306 683 2370 sibi
699 2306 828 2370 similes
844 2308 942 2371 solet.

263 2407 358 2471 Salia
383 2408 512 2483 figurae
540 2406 772 2483 pyramidalis,
798 2429 874 2484 quae
899 2407 1101 2471 obtinentur
1127 2428 1188 2484 per
1214 2407 1419 2480 coctionem,

220 2530 312 2586 saepe
336 2506 442 2572 etiam
458 2529 551 2571 cavae
567 2527 642 2571 esse
658 2506 781 2583 solent,
801 2507 974 2572 interdum
990 2529 1073 2571 vero
1089 2516 1141 2571 est
1158 2509 1266 2572 cubus
1281 2507 1424 2571 inferior

221 2629 347 2686 parvus
370 2618 404 2671 et
426 2606 564 2671 solidus
613 2607 707 2671 Salia
723 2607 823 2685 hujus
839 2609 966 2684 figurae,
985 2607 1117 2672 scilicet
1134 2605 1368 2685 pyramidaliS,
1387 2607 1422 2671 in
1506 2673 1508 2678 ,

220 2709 355 2786 apicem
379 2708 553 2785 quendam
568 2707 807 2783 terminantur,
827 2710 922 2785 cujus
938 2707 1126 2785 obliquitas
1141 2707 1276 2772 videtur
1291 2729 1366 2772 esse
1382 2711 1422 2772 45

220 2809 387 2884 graduum
394 2830 401 2884 ;
425 2817 460 2872 et
475 2807 654 2871 terminari
669 2807 782 2872 solent
799 2829 938 2885 quoque
955 2806 1179 2885 obliquitates
1195 2807 1229 2871 in
1246 2807 1350 2885 plana
1367 2808 1422 2871 vel

220 2929 318 2972 areas
334 2908 495 2974 minores·

263 3009 366 3084 Quod
391 3008 476 3073 alias
500 3009 644 3084 figuram
672 3007 917 3102 particularum
947 3007 1145 3071 salinarium
1173 3007 1309 3084 attinet,
1342 3016 1421 3072 sunt

220 3109 408 3172 secundum
424 3107 621 3184 appositam
638 3107 918 3183 delineationem,
938 3117 975 3171 ut
991 3109 1178 3172 secundum
1194 3109 1233 3172 A.
1254 3108 1295 3171 Β.
1316 3108 1353 3171 C.
1375 3110 1417 3171 D.

221 3211 261 3272 E.
283 3209 322 3272 F.
344 3209 400 3283 G,
419 3206 595 3284 chrystalli
611 3207 683 3271 sive
699 3207 768 3272 sint
784 3229 825 3271 ex
841 3230 931 3285 aqua
948 3208 1079 3272 marina
1095 3208 1167 3271 sive
1184 3229 1225 3271 ex
1240 3207 1312 3272 sale
1328 3229 1421 3284 gem·

221 3329 298 3372 meo
335 3307 406 3371 sive
444 3329 485 3371 ex
521 3308 675 3372 lontibus
710 3307 819 3384 salsiS,
852 3310 1040 3373 secundum
1079 3309 1195 3371 Dfium
1233 3308 1417 3383 Listerum,
