3524 5314
356 742 392 803 18
718 743 776 806 DE
797 744 905 807 SALE
927 743 1142 808 COMMUNI

351 924 424 986 dein
441 926 580 1004 cylindri
596 928 637 988 ab
654 926 770 988 incolis
786 928 876 1006 regni
894 928 1035 990 Poloniae
1057 928 1141 989 circa
1164 946 1243 990 usus
1264 928 1499 990 oeconomicos:

350 1043 391 1086 ex
408 1025 579 1106 superficie
596 1028 648 1087 vel
666 1028 788 1088 extima
804 1032 897 1107 parte
909 1028 1048 1108 cylindri
1063 1030 1230 1090 abraditur
1243 1030 1406 1090 tantillum
1423 1029 1501 1090 salis

352 1127 383 1186 in
400 1144 480 1188 usus
496 1128 726 1191 oeconomicos.
773 1128 890 1190 Genus
906 1130 966 1190 froc
983 1130 1061 1190 salis
1076 1129 1172 1189 facile
1189 1129 1271 1190 solvi
1287 1134 1410 1208 potest.

393 1226 543 1305 Vulgaris
564 1228 671 1306 opinio
698 1234 762 1304 est,
785 1227 890 1290 frusta
914 1230 1018 1290 salina
1041 1230 1071 1289 in
1096 1231 1236 1310 ipsamet
1258 1229 1368 1290 fodina
1392 1231 1443 1291 vel
1468 1230 1499 1289 in

354 1328 422 1388 loco
439 1345 498 1389 suo
517 1329 616 1388 natali
634 1329 755 1390 leviora
773 1346 859 1404 esse,
885 1330 943 1390 sed
967 1334 1002 1390 ut
1024 1331 1160 1408 primum
1186 1331 1343 1390 irruerem
1361 1330 1502 1390 veniunt

351 1427 533 1505 ponderosa
549 1426 632 1505 ireri3
649 1429 707 1491 sed
724 1429 909 1491 Dobelium¹
926 1430 1010 1491 circa
1027 1431 1087 1491 bas
1102 1429 1230 1491 fodinas
1248 1431 1369 1508 aliquot
1395 1429 1500 1491 frusta

353 1528 456 1589 salina
474 1529 695 1606 examinasse,
714 1528 862 1590 referunt
883 1531 967 1592 Acta
987 1530 1090 1593 Maris
1104 1530 1252 1602 Baltlrr'ci,
1276 1532 1317 1592 ad
1340 1531 1500 1590 bilancem

352 1634 385 1689 et
400 1629 556 1690 trutinam
574 1633 640 1689 tam
657 1630 741 1690 intra
758 1629 887 1693 fodinas
903 1630 1037 1692 Villichii
1051 1635 1084 1691 et
1098 1630 1272 1692 Cracoviae
1283 1646 1380 1707 quam
1395 1636 1499 1706 extra,

352 1733 525 1807 postquam
556 1731 597 1790 ab
622 1746 698 1790 aere
722 1730 900 1808 riguerant,
931 1747 990 1791 nec
1019 1732 1119 1792 ullum
1147 1732 1321 1792 discrimen
1348 1731 1501 1810 ponderis

351 1830 542 1908 reperiisse3
572 1830 710 1907 aliquos²
733 1836 844 1891 tamen
873 1832 1059 1892 accuratius
1082 1831 1284 1910 ponderasse
1312 1833 1359 1892 sal
1384 1832 1499 1892 hocin

244 1915 251 1930 ’
351 1930 430 1991 locis
445 1931 670 1992 subterraneis
686 1935 720 1992 et
735 1931 969 2009 superioribus,
987 1936 1020 1993 et
1041 1932 1227 2008 discrimen,
1246 1932 1303 1992 sed
1325 1931 1499 1993 admodum

353 2031 519 2108 exiguum,
537 2033 735 2092 observasse
751 2032 876 2095 dicitur.

886 2283 947 2345 ·V.

454 2438 637 2512 nonies
661 2448 746 2511 ver
770 2450 951 2513 roornrss
975 2450 1092 2512 saus
1117 2420 1389 2514 Calatonno

764 2551 817 2612 er
842 2549 1090 2615 cannonis.

391 2735 521 2797 Montes
538 2735 638 2798 Salini
655 2734 841 2797 Cataloniae
857 2741 934 2797 sunt
949 2736 981 2797 in
995 2737 1161 2797 montibus
1178 2737 1318 2798 ducatus
1335 2735 1501 2798 Cardonae

350 2842 383 2896 et
393 2836 572 2915 pertinent³
582 2837 623 2897 ad
636 2837 823 2914 Magnetem
836 2837 998 2914 quendam
1013 2836 1189 2915 Hispaniae,
1203 2837 1257 2915 qui
1270 2838 1399 2899 titulum
1411 2838 1499 2897 illum

349 2936 494 3014 praefert.
540 2936 662 3016 Opinio
679 2938 861 2998 accolarum
879 2941 941 3012 est,
959 2937 1043 3014 quod
1061 2938 1091 2997 in
1109 2937 1221 2998 salinis
1237 2939 1286 2998 his
1309 2943 1501 2998 renascatur

349 3038 396 3098 sal
413 3036 536 3113 fossile,
555 3055 627 3097 cum
645 3039 746 3098 semel
765 3042 937 3098 evacuarae
953 3037 1031 3112 sint,
1049 3039 1107 3098 sed
1131 3037 1237 3116 opinio
1260 3039 1409 3116 quaedam
1435 3044 1498 3100 est.

350 3137 548 3200 Tournefort
564 3143 597 3198 et
614 3138 666 3198 alii
683 3139 904 3198 observarunt
921 3139 1066 3215 vegetari
1082 3138 1113 3198 in
1131 3139 1193 3198 illis
1209 3139 1269 3201 sal.

390 3237 443 3301 Sal
460 3237 572 3300 fossile
586 3239 636 3299 hic
648 3239 737 3316 jacet
749 3240 929 3298 secundum
944 3242 1047 3299 strata
1060 3239 1186 3300 fortiter
1203 3239 1498 3316 chrystallisatum,

351 3344 384 3401 et
403 3357 464 3418 ope
481 3356 659 3400 cuneorum
682 3338 756 3399 inde
779 3338 992 3414 exscinditur,
1010 3339 1187 3417 etquidem
1204 3340 1235 3399 in
1253 3339 1380 3418 species
1402 3357 1500 3416 quas-

351 3440 424 3500 dam
442 3438 633 3518 frgurarum;
650 3438 854 3518 profunditas
871 3439 976 3498 adbuc
994 3439 1103 3516 ignota
1119 3457 1195 3499 esse
1211 3439 1339 3500 dicitur.

394 3539 496 3619 Prope
520 3541 606 3600 hunc
631 3544 774 3600 montem
800 3540 883 3599 alius
906 3540 1004 3599 etiam
1030 3540 1200 3618 reperitur,
1231 3540 1283 3600 ubi
1312 3541 1358 3600 sal
1382 3540 1413 3599 in
1431 3541 1500 3618 ipsa

351 3659 429 3720 rupe
458 3642 557 3719 jacet,
590 3647 705 3718 estque
736 3641 927 3718 plerumque
958 3640 1072 3700 coloris
1102 3641 1188 3700 rubri
1212 3645 1245 3701 et
1266 3639 1356 3715 flavi,
1381 3644 1415 3700 et
1437 3657 1498 3719 ope

349 3743 641 3802 instrumentorum
659 3741 757 3825 etiam
774 3740 985 3815 exscinditur,
1001 3757 1072 3800 cum
1088 3758 1165 3801 vero
1181 3741 1317 3802 solvitur
1334 3746 1368 3800 et
1382 3740 1498 3800 iterum

350 3843 381 3902 in
397 3841 730 3921 chrystallisationem
745 3841 911 3918 redigitur,
926 3843 1008 3918 perit
1024 3841 1109 3900 color
1126 3842 1191 3916 ille,
1206 3846 1240 3901 et
1256 3841 1497 3900 similitudinem

350 3943 434 4003 alius
451 3942 530 4002 salis
547 3941 757 4020 adipisicitur.

389 4041 442 4104 Sal
461 4041 625 4104 Cardonae
641 4041 773 4120 triplicis
789 4046 840 4102 est
852 4040 992 4118 generis,
1008 4041 1142 4117 scilicet,
1158 4041 1343 4116 candidum,
1358 4041 1498 4119 griseum

349 4149 383 4204 et
395 4145 541 4204 rubrum.
572 4141 712 4204 Primum
720 4158 819 4222 genus
832 4141 902 4201 sive
917 4141 1090 4202 candidum
1106 4148 1156 4202 est
1172 4142 1275 4202 simile
1289 4142 1349 4202 sali
1363 4142 1498 4216 marino,

349 4249 469 4324 praeter
494 4243 578 4321 quod
605 4260 668 4304 non
694 4243 735 4302 sit
751 4248 817 4303 tam
842 4244 1062 4319 granulatum.
1107 4242 1285 4304 Secundum
1310 4247 1361 4302 est
1384 4241 1500 4302 coloris

347 4344 535 4422 ferruginei,
550 4344 608 4404 sed
621 4343 767 4421 possidet
779 4358 894 4404 omnes
907 4341 975 4402 fere
988 4343 1165 4419 qualitates
1177 4359 1249 4403 cum
1264 4344 1332 4403 sale
1349 4341 1498 4403 candido.

351 4444 486 4508 Tertium
503 4444 605 4505 simile
629 4448 681 4505 est
696 4459 778 4503 rosae
795 4444 914 4517 rubrae,
938 4443 1023 4520 quod
1047 4460 1119 4503 cum
1144 4442 1268 4504 alteris*
1291 4433 1361 4504 non
1378 4440 1498 4517 differt,

348 4546 408 4606 nisi
435 4544 520 4624 quod
547 4561 621 4605 curn
650 4543 703 4604 illo
731 4544 852 4605 mixtus
879 4543 921 4604 sit
944 4544 1038 4604 bolus
1061 4545 1113 4604 vel
1137 4544 1265 4623 species
1291 4548 1399 4616 terrae,
1425 4558 1499 4624 quae
1531 4585 1532 4588 κ
