<?xml version="1.0" encoding="UTF-8"?>
<!DOCTYPE html PUBLIC "-//W3C//DTD XHTML 1.0 Transitional//EN"
    "http://www.w3.org/TR/xhtml1/DTD/xhtml1-transitional.dtd">
<html xmlns="http://www.w3.org/1999/xhtml" xml:lang="en" lang="en">
 <head>
  <title>
</title>
<meta http-equiv="Content-Type" content="text/html;charset=utf-8" />
  <meta name='ocr-system' content='tesseract 3.04.00' />
  <meta name='ocr-capabilities' content='ocr_page ocr_carea ocr_par ocr_line ocrx_word'/>
</head>
<body>
  <div class='ocr_page' id='page_1' title='image "./desalecommuniho00actogoog_0013.png"; bbox 0 0 3524 5314; ppageno 0'>
   <div class='ocr_carea' id='block_1_1' title="bbox 315 677 1187 746">
    <p class='ocr_par' dir='ltr' id='par_1_1' title="bbox 315 677 1187 746">
     <span class='ocr_line' id='line_1_1' title="bbox 315 677 1187 746; baseline 0.003 -4"><span class='ocrx_word' id='word_1_1' title='bbox 315 677 349 743; x_wconf 92' lang='lat' dir='ltr'>iv</span> <span class='ocrx_word' id='word_1_2' title='bbox 643 682 931 746; x_wconf 76' lang='lat' dir='ltr'><em>PRAEFATIO</em></span> <span class='ocrx_word' id='word_1_3' title='bbox 952 682 1044 744; x_wconf 78' lang='grc' dir='ltr'>ΕΒ]</span> <span class='ocrx_word' id='word_1_4' title='bbox 1047 683 1077 744; x_wconf 88' lang='grc' dir='ltr'><em>Τ</em></span> <span class='ocrx_word' id='word_1_5' title='bbox 1077 677 1187 746; x_wconf 83' lang='lat' dir='ltr'><em>ORIS</em></span> 
     </span>
    </p>
   </div>
   <div class='ocr_carea' id='block_1_2' title="bbox 310 863 1518 2143">
    <p class='ocr_par' dir='ltr' id='par_1_2' title="bbox 398 863 1517 950">
     <span class='ocr_line' id='line_1_2' title="bbox 398 863 1517 950; baseline -0.001 -20"><span class='ocrx_word' id='word_1_6' title='bbox 398 867 517 932; x_wconf 87' lang='lat' dir='ltr'>Codex</span> <span class='ocrx_word' id='word_1_7' title='bbox 531 869 581 930; x_wconf 82' lang='lat'>88.</span> <span class='ocrx_word' id='word_1_8' title='bbox 630 865 735 929; x_wconf 91' lang='lat' dir='ltr'>Varia</span> <span class='ocrx_word' id='word_1_9' title='bbox 762 863 1017 941; x_wconf 80' lang='lat' dir='ltr'>philosophica,</span> <span class='ocrx_word' id='word_1_10' title='bbox 1039 863 1256 940; x_wconf 86' lang='lat' dir='ltr'>Anatomica‚</span> <span class='ocrx_word' id='word_1_11' title='bbox 1276 872 1311 927; x_wconf 90' lang='lat' dir='ltr'>et</span> <span class='ocrx_word' id='word_1_12' title='bbox 1335 864 1517 950; x_wconf 83' lang='lat' dir='ltr'>Itineraria</span> 
     </span>
    </p>

    <p class='ocr_par' dir='ltr' id='par_1_3' title="bbox 360 961 1090 1044">
     <span class='ocr_line' id='line_1_3' title="bbox 360 961 1090 1044; baseline -0.007 -14"><span class='ocrx_word' id='word_1_13' title='bbox 360 961 534 1044; x_wconf 86' lang='lat' dir='ltr'>(exceptis</span> <span class='ocrx_word' id='word_1_14' title='bbox 549 963 702 1039; x_wconf 77' lang='lat' dir='ltr'>iisdem).</span> <span class='ocrx_word' id='word_1_15' title='bbox 1084 1025 1090 1035; x_wconf 86' lang='grc'>,</span> 
     </span>
    </p>

    <p class='ocr_par' dir='ltr' id='par_1_4' title="bbox 356 1064 1515 1241">
     <span class='ocr_line' id='line_1_4' title="bbox 399 1064 1515 1142; baseline -0.001 -12"><span class='ocrx_word' id='word_1_16' title='bbox 399 1067 517 1130; x_wconf 89' lang='lat' dir='ltr'>Codex</span> <span class='ocrx_word' id='word_1_17' title='bbox 532 1068 583 1130; x_wconf 82' lang='lat'>99.</span> <span class='ocrx_word' id='word_1_18' title='bbox 632 1065 831 1142; x_wconf 84' lang='lat' dir='ltr'><strong>Descriptio</strong></span> <span class='ocrx_word' id='word_1_19' title='bbox 857 1065 1036 1128; x_wconf 81' lang='lat' dir='ltr'>fornacum</span> <span class='ocrx_word' id='word_1_20' title='bbox 1064 1065 1301 1128; x_wconf 88' lang='lat' dir='ltr'>Suecanorum</span> <span class='ocrx_word' id='word_1_21' title='bbox 1327 1064 1363 1127; x_wconf 92' lang='lat' dir='ltr'>in</span> <span class='ocrx_word' id='word_1_22' title='bbox 1390 1065 1515 1142; x_wconf 91' lang='lat' dir='ltr'>quibus</span> 
     </span>
     <span class='ocr_line' id='line_1_5' title="bbox 356 1162 1071 1241; baseline 0.001 -13"><span class='ocrx_word' id='word_1_23' title='bbox 356 1165 482 1230; x_wconf 80' lang='lat' dir='ltr'>ferrum</span> <span class='ocrx_word' id='word_1_24' title='bbox 499 1174 637 1230; x_wconf 91' lang='lat' dir='ltr'>coctum</span> <span class='ocrx_word' id='word_1_25' title='bbox 654 1175 707 1230; x_wconf 90' lang='lat' dir='ltr'>est</span> <span class='ocrx_word' id='word_1_26' title='bbox 725 1162 855 1237; x_wconf 91' lang='lat' dir='ltr'>(Suece</span> <span class='ocrx_word' id='word_1_27' title='bbox 872 1163 1071 1241; x_wconf 85' lang='lat' dir='ltr'>scriptum).</span> 
     </span>
    </p>

    <p class='ocr_par' dir='ltr' id='par_1_5' title="bbox 311 1260 1518 1643">
     <span class='ocr_line' id='line_1_6' title="bbox 356 1260 1518 1343; baseline 0 -14"><span class='ocrx_word' id='word_1_28' title='bbox 356 1267 440 1329; x_wconf 85' lang='lat' dir='ltr'>Haec</span> <span class='ocrx_word' id='word_1_29' title='bbox 457 1264 668 1343; x_wconf 87' lang='lat' dir='ltr'>exemplaria</span> <span class='ocrx_word' id='word_1_30' title='bbox 687 1260 821 1342; x_wconf 87' lang='lat' dir='ltr'>(plures</span> <span class='ocrx_word' id='word_1_31' title='bbox 838 1264 1099 1340; x_wconf 87' lang='lat' dir='ltr'>Swedenborgii</span> <span class='ocrx_word' id='word_1_32' title='bbox 1114 1265 1409 1340; x_wconf 86' lang='lat' dir='ltr'>autographorum</span> <span class='ocrx_word' id='word_1_33' title='bbox 1435 1286 1518 1342; x_wconf 84' lang='lat' dir='ltr'>pag-</span> 
     </span>
     <span class='ocr_line' id='line_1_7' title="bbox 313 1362 1516 1444; baseline 0 -16"><span class='ocrx_word' id='word_1_34' title='bbox 313 1364 389 1430; x_wconf 85' lang='lat' dir='ltr'>inas</span> <span class='ocrx_word' id='word_1_35' title='bbox 405 1388 509 1444; x_wconf 87' lang='lat' dir='ltr'>quam</span> <span class='ocrx_word' id='word_1_36' title='bbox 525 1368 607 1431; x_wconf 79' lang='lat'>2500</span> <span class='ocrx_word' id='word_1_37' title='bbox 623 1362 911 1442; x_wconf 85' lang='lat' dir='ltr'>complectentia)</span> <span class='ocrx_word' id='word_1_38' title='bbox 930 1365 1000 1428; x_wconf 80' lang='lat' dir='ltr'>iere</span> <span class='ocrx_word' id='word_1_39' title='bbox 1017 1364 1134 1428; x_wconf 86' lang='lat' dir='ltr'>omnia</span> <span class='ocrx_word' id='word_1_40' title='bbox 1144 1366 1193 1428; x_wconf 70' lang='lat' dir='ltr'>&#39;ab</span> <span class='ocrx_word' id='word_1_41' title='bbox 1209 1363 1285 1441; x_wconf 88' lang='lat' dir='ltr'>ipso</span> <span class='ocrx_word' id='word_1_42' title='bbox 1299 1367 1379 1428; x_wconf 93' lang='lat' dir='ltr'>Dno</span> <span class='ocrx_word' id='word_1_43' title='bbox 1393 1366 1516 1429; x_wconf 79' lang='lat' dir='ltr'>Sruou</span> 
     </span>
     <span class='ocr_line' id='line_1_8' title="bbox 314 1451 1518 1543; baseline -0.002 -12"><span class='ocrx_word' id='word_1_44' title='bbox 314 1488 391 1531; x_wconf 92' lang='lat' dir='ltr'>cum</span> <span class='ocrx_word' id='word_1_45' title='bbox 415 1465 655 1543; x_wconf 83' lang='lat' dir='ltr'>chirographis</span> <span class='ocrx_word' id='word_1_46' title='bbox 678 1451 940 1542; x_wconf 79' lang='lat' dir='ltr'>diligentissime</span> <span class='ocrx_word' id='word_1_47' title='bbox 957 1464 1084 1529; x_wconf 88' lang='lat' dir='ltr'>collata</span> <span class='ocrx_word' id='word_1_48' title='bbox 1107 1474 1197 1540; x_wconf 85' lang='lat' dir='ltr'>sunt,</span> <span class='ocrx_word' id='word_1_49' title='bbox 1217 1465 1276 1542; x_wconf 86' lang='lat' dir='ltr'>qui</span> <span class='ocrx_word' id='word_1_50' title='bbox 1293 1465 1398 1528; x_wconf 92' lang='lat' dir='ltr'>etiam</span> <span class='ocrx_word' id='word_1_51' title='bbox 1415 1487 1518 1543; x_wconf 92' lang='lat' dir='ltr'>quos-</span> 
     </span>
     <span class='ocr_line' id='line_1_9' title="bbox 311 1565 1181 1643; baseline -0.001 -14"><span class='ocrx_word' id='word_1_52' title='bbox 311 1588 450 1643; x_wconf 85' lang='lat' dir='ltr'>cunque</span> <span class='ocrx_word' id='word_1_53' title='bbox 465 1566 597 1629; x_wconf 91' lang='lat' dir='ltr'>invenit</span> <span class='ocrx_word' id='word_1_54' title='bbox 614 1587 747 1629; x_wconf 92' lang='lat' dir='ltr'>errores</span> <span class='ocrx_word' id='word_1_55' title='bbox 762 1565 1019 1630; x_wconf 87' lang='lat' dir='ltr'>accuratissime</span> <span class='ocrx_word' id='word_1_56' title='bbox 1035 1565 1181 1628; x_wconf 89' lang='lat' dir='ltr'>notavit.</span> 
     </span>
    </p>

    <p class='ocr_par' dir='ltr' id='par_1_6' title="bbox 310 1665 1518 2143">
     <span class='ocr_line' id='line_1_10' title="bbox 357 1665 1517 1744; baseline 0 -14"><span class='ocrx_word' id='word_1_57' title='bbox 357 1666 484 1744; x_wconf 87' lang='lat' dir='ltr'>Quum,</span> <span class='ocrx_word' id='word_1_58' title='bbox 504 1667 585 1731; x_wconf 90' lang='lat' dir='ltr'>anni</span> <span class='ocrx_word' id='word_1_59' title='bbox 611 1668 691 1731; x_wconf 79' lang='lat'>1902</span> <span class='ocrx_word' id='word_1_60' title='bbox 715 1673 893 1740; x_wconf 86' lang='lat' dir='ltr'>autumno,</span> <span class='ocrx_word' id='word_1_61' title='bbox 912 1673 1052 1742; x_wconf 87' lang='lat' dir='ltr'>tempus</span> <span class='ocrx_word' id='word_1_62' title='bbox 1075 1675 1150 1730; x_wconf 87' lang='lat' dir='ltr'>erat</span> <span class='ocrx_word' id='word_1_63' title='bbox 1175 1665 1249 1729; x_wconf 86' lang='lat' dir='ltr'>haec</span> <span class='ocrx_word' id='word_1_64' title='bbox 1266 1688 1369 1729; x_wconf 87' lang='lat' dir='ltr'>manu</span> <span class='ocrx_word' id='word_1_65' title='bbox 1386 1666 1517 1744; x_wconf 89' lang='lat' dir='ltr'>scripta</span> 
     </span>
     <span class='ocr_line' id='line_1_11' title="bbox 313 1753 1517 1855; baseline 0.001 -25"><span class='ocrx_word' id='word_1_66' title='bbox 313 1767 409 1844; x_wconf 84' lang='lat' dir='ltr'>typis</span> <span class='ocrx_word' id='word_1_67' title='bbox 424 1767 517 1843; x_wconf 83' lang='lat' dir='ltr'>dare,</span> <span class='ocrx_word' id='word_1_68' title='bbox 534 1767 600 1831; x_wconf 92' lang='lat' dir='ltr'>hoc</span> <span class='ocrx_word' id='word_1_69' title='bbox 617 1753 675 1830; x_wconf 68' lang='lat' dir='ltr'>D&#39;E</span> <span class='ocrx_word' id='word_1_70' title='bbox 692 1767 788 1829; x_wconf 80' lang='lat' dir='ltr'>SALE</span> <span class='ocrx_word' id='word_1_71' title='bbox 804 1787 902 1842; x_wconf 83' lang='lat' dir='ltr'>opus,</span> <span class='ocrx_word' id='word_1_72' title='bbox 921 1766 1014 1855; x_wconf 84' lang='lat' dir='ltr'>quod</span> <span class='ocrx_word' id='word_1_73' title='bbox 1031 1765 1178 1842; x_wconf 86' lang='lat' dir='ltr'>primum</span> <span class='ocrx_word' id='word_1_74' title='bbox 1196 1766 1405 1843; x_wconf 88' lang='lat' dir='ltr'>exscriptum</span> <span class='ocrx_word' id='word_1_75' title='bbox 1423 1768 1517 1843; x_wconf 88' lang='lat' dir='ltr'>quod</span> 
     </span>
     <span class='ocr_line' id='line_1_12' title="bbox 312 1865 1516 1945; baseline -0.002 -15"><span class='ocrx_word' id='word_1_76' title='bbox 312 1875 349 1930; x_wconf 90' lang='lat' dir='ltr'>et</span> <span class='ocrx_word' id='word_1_77' title='bbox 366 1867 506 1945; x_wconf 87' lang='lat' dir='ltr'>quidem</span> <span class='ocrx_word' id='word_1_78' title='bbox 529 1866 640 1930; x_wconf 91' lang='lat' dir='ltr'>solum</span> <span class='ocrx_word' id='word_1_79' title='bbox 664 1867 708 1930; x_wconf 89' lang='lat' dir='ltr'>ad</span> <span class='ocrx_word' id='word_1_80' title='bbox 732 1887 854 1929; x_wconf 90' lang='lat' dir='ltr'>manus</span> <span class='ocrx_word' id='word_1_81' title='bbox 872 1877 957 1939; x_wconf 86' lang='lat' dir='ltr'>erat,</span> <span class='ocrx_word' id='word_1_82' title='bbox 978 1865 1124 1942; x_wconf 87' lang='lat' dir='ltr'>primum</span> <span class='ocrx_word' id='word_1_83' title='bbox 1149 1865 1416 1942; x_wconf 87' lang='lat' dir='ltr'>imprimendum</span> <span class='ocrx_word' id='word_1_84' title='bbox 1442 1881 1516 1929; x_wconf 76' lang='lat' dir='ltr'>esse</span> 
     </span>
     <span class='ocr_line' id='line_1_13' title="bbox 310 1963 1512 2044; baseline 0 -14"><span class='ocrx_word' id='word_1_85' title='bbox 310 1968 532 2037; x_wconf 80' lang='lat' dir='ltr'>censebatur.</span> <span class='ocrx_word' id='word_1_86' title='bbox 552 1966 656 2044; x_wconf 87' lang='lat' dir='ltr'>idque</span> <span class='ocrx_word' id='word_1_87' title='bbox 675 1967 719 2029; x_wconf 85' lang='lat' dir='ltr'>ad</span> <span class='ocrx_word' id='word_1_88' title='bbox 743 1987 830 2043; x_wconf 87' lang='lat' dir='ltr'>opus</span> <span class='ocrx_word' id='word_1_89' title='bbox 853 1965 927 2042; x_wconf 86' lang='lat' dir='ltr'>ipse</span> <span class='ocrx_word' id='word_1_90' title='bbox 949 1963 1164 2042; x_wconf 86' lang='lat' dir='ltr'>subscriptus</span> <span class='ocrx_word' id='word_1_91' title='bbox 1187 1964 1300 2029; x_wconf 88' lang='lat' dir='ltr'>editor</span> <span class='ocrx_word' id='word_1_92' title='bbox 1321 1966 1433 2030; x_wconf 82' lang='lat' dir='ltr'>iactus</span> <span class='ocrx_word' id='word_1_93' title='bbox 1449 1976 1512 2030; x_wconf 90' lang='lat' dir='ltr'>est.</span> 
     </span>
     <span class='ocr_line' id='line_1_14' title="bbox 313 2063 1518 2143; baseline -0.001 -13"><span class='ocrx_word' id='word_1_94' title='bbox 313 2067 474 2131; x_wconf 71' lang='lat' dir='ltr'>&#39;Pluribus</span> <span class='ocrx_word' id='word_1_95' title='bbox 491 2088 531 2129; x_wconf 90' lang='lat' dir='ltr'>ex</span> <span class='ocrx_word' id='word_1_96' title='bbox 543 2067 655 2130; x_wconf 88' lang='lat' dir='ltr'>causis</span> <span class='ocrx_word' id='word_1_97' title='bbox 672 2065 849 2142; x_wconf 85' lang='lat' dir='ltr'>negotium</span> <span class='ocrx_word' id='word_1_98' title='bbox 866 2065 900 2129; x_wconf 96' lang='lat' dir='ltr'>id</span> <span class='ocrx_word' id='word_1_99' title='bbox 916 2064 1119 2142; x_wconf 88' lang='lat' dir='ltr'>opusculum</span> <span class='ocrx_word' id='word_1_100' title='bbox 1135 2065 1170 2128; x_wconf 91' lang='lat' dir='ltr'>in</span> <span class='ocrx_word' id='word_1_101' title='bbox 1186 2063 1297 2129; x_wconf 91' lang='lat' dir='ltr'>lucem</span> <span class='ocrx_word' id='word_1_102' title='bbox 1315 2066 1439 2130; x_wconf 89' lang='lat' dir='ltr'>edendi</span> <span class='ocrx_word' id='word_1_103' title='bbox 1457 2088 1518 2143; x_wconf 88' lang='lat' dir='ltr'>per</span> 
     </span>
    </p>
   </div>
   <div class='ocr_carea' id='block_1_3' title="bbox 147 2163 1518 2243">
    <p class='ocr_par' dir='ltr' id='par_1_7' title="bbox 147 2163 1518 2243">
     <span class='ocr_line' id='line_1_15' title="bbox 147 2163 1518 2243; baseline -0.001 -13"><span class='ocrx_word' id='word_1_104' title='bbox 147 2193 149 2197; x_wconf 66' lang='grc'>’</span> <span class='ocrx_word' id='word_1_105' title='bbox 213 2206 215 2211; x_wconf 83' lang='grc'><em>·</em></span> <span class='ocrx_word' id='word_1_106' title='bbox 311 2163 454 2243; x_wconf 81' lang='lat' dir='ltr'>longum</span> <span class='ocrx_word' id='word_1_107' title='bbox 472 2176 610 2243; x_wconf 84' lang='lat' dir='ltr'>tempus</span> <span class='ocrx_word' id='word_1_108' title='bbox 624 2174 848 2243; x_wconf 87' lang='lat' dir='ltr'>protractum,</span> <span class='ocrx_word' id='word_1_109' title='bbox 865 2174 1084 2238; x_wconf 87' lang='lat' dir='ltr'>nuncautem</span> <span class='ocrx_word' id='word_1_110' title='bbox 1101 2164 1304 2229; x_wconf 80' lang='lat' dir='ltr'>feliciterad</span> <span class='ocrx_word' id='word_1_111' title='bbox 1321 2166 1423 2228; x_wconf 89' lang='lat' dir='ltr'>finem</span> <span class='ocrx_word' id='word_1_112' title='bbox 1441 2187 1518 2243; x_wconf 88' lang='lat' dir='ltr'>per-</span> 
     </span>
    </p>
   </div>
   <div class='ocr_carea' id='block_1_4' title="bbox 240 2267 1518 2948">
    <p class='ocr_par' dir='ltr' id='par_1_8' title="bbox 315 2267 538 2330">
     <span class='ocr_line' id='line_1_16' title="bbox 315 2267 538 2330; baseline 0 0"><span class='ocrx_word' id='word_1_113' title='bbox 315 2267 457 2330; x_wconf 92' lang='lat' dir='ltr'>ductum</span> <span class='ocrx_word' id='word_1_114' title='bbox 475 2277 538 2330; x_wconf 86' lang='lat' dir='ltr'>est.</span> 
     </span>
    </p>

    <p class='ocr_par' dir='ltr' id='par_1_9' title="bbox 240 2363 1518 2948">
     <span class='ocr_line' id='line_1_17' title="bbox 240 2363 1517 2443; baseline -0.001 -14"><span class='ocrx_word' id='word_1_115' title='bbox 240 2390 246 2400; x_wconf 76' lang='lat'><strong><em>¹</em></strong></span> <span class='ocrx_word' id='word_1_116' title='bbox 356 2368 553 2443; x_wconf 85' lang='lat' dir='ltr'>Antequam</span> <span class='ocrx_word' id='word_1_117' title='bbox 564 2365 736 2442; x_wconf 88' lang='lat' dir='ltr'>exscripta</span> <span class='ocrx_word' id='word_1_118' title='bbox 746 2373 837 2440; x_wconf 83' lang='lat' dir='ltr'>sunt,</span> <span class='ocrx_word' id='word_1_119' title='bbox 850 2372 1016 2428; x_wconf 89' lang='lat' dir='ltr'>contenta</span> <span class='ocrx_word' id='word_1_120' title='bbox 1028 2363 1129 2442; x_wconf 85' lang='lat' dir='ltr'>hujus</span> <span class='ocrx_word' id='word_1_121' title='bbox 1140 2364 1254 2442; x_wconf 82' lang='lat' dir='ltr'>operis</span> <span class='ocrx_word' id='word_1_122' title='bbox 1264 2364 1388 2428; x_wconf 90' lang='lat' dir='ltr'>editori</span> <span class='ocrx_word' id='word_1_123' title='bbox 1398 2365 1517 2441; x_wconf 83' lang='lat' dir='ltr'>ignota</span> 
     </span>
     <span class='ocr_line' id='line_1_18' title="bbox 314 2464 1517 2543; baseline -0.001 -14"><span class='ocrx_word' id='word_1_124' title='bbox 314 2476 405 2543; x_wconf 89' lang='lat' dir='ltr'>sunt,</span> <span class='ocrx_word' id='word_1_125' title='bbox 421 2466 551 2530; x_wconf 87' lang='lat' dir='ltr'>scilicet</span> <span class='ocrx_word' id='word_1_126' title='bbox 568 2487 650 2529; x_wconf 92' lang='lat' dir='ltr'>num</span> <span class='ocrx_word' id='word_1_127' title='bbox 662 2467 767 2530; x_wconf 86' lang='lat' dir='ltr'>verba</span> <span class='ocrx_word' id='word_1_128' title='bbox 780 2466 853 2543; x_wconf 88' lang='lat' dir='ltr'>ejus</span> <span class='ocrx_word' id='word_1_129' title='bbox 866 2465 972 2528; x_wconf 88' lang='lat' dir='ltr'>nostri</span> <span class='ocrx_word' id='word_1_130' title='bbox 990 2464 1097 2542; x_wconf 86' lang='lat' dir='ltr'>ipsius</span> <span class='ocrx_word' id='word_1_131' title='bbox 1109 2472 1224 2528; x_wconf 90' lang='lat' dir='ltr'>essent</span> <span class='ocrx_word' id='word_1_132' title='bbox 1240 2465 1295 2528; x_wconf 88' lang='lat' dir='ltr'>vel</span> <span class='ocrx_word' id='word_1_133' title='bbox 1312 2487 1393 2529; x_wconf 91' lang='lat' dir='ltr'>num</span> <span class='ocrx_word' id='word_1_134' title='bbox 1410 2466 1517 2529; x_wconf 89' lang='lat' dir='ltr'>citata</span> 
     </span>
     <span class='ocr_line' id='line_1_19' title="bbox 317 2564 1517 2643; baseline -0.001 -13"><span class='ocrx_word' id='word_1_135' title='bbox 317 2587 358 2630; x_wconf 87' lang='lat' dir='ltr'>ex</span> <span class='ocrx_word' id='word_1_136' title='bbox 375 2567 583 2631; x_wconf 75' lang='lat' dir='ltr'>auctoribus,</span> <span class='ocrx_word' id='word_1_137' title='bbox 632 2566 701 2629; x_wconf 86' lang='lat' dir='ltr'>Sed</span> <span class='ocrx_word' id='word_1_138' title='bbox 717 2564 905 2643; x_wconf 86' lang='lat' dir='ltr'>exemplari</span> <span class='ocrx_word' id='word_1_139' title='bbox 922 2566 1026 2628; x_wconf 91' lang='lat' dir='ltr'>breve</span> <span class='ocrx_word' id='word_1_140' title='bbox 1049 2564 1196 2628; x_wconf 87' lang='lat' dir='ltr'>lustrato</span> <span class='ocrx_word' id='word_1_141' title='bbox 1222 2586 1301 2628; x_wconf 88' lang='lat' dir='ltr'>mox</span> <span class='ocrx_word' id='word_1_142' title='bbox 1323 2567 1466 2642; x_wconf 86' lang='lat' dir='ltr'>patebat</span> <span class='ocrx_word' id='word_1_143' title='bbox 1483 2566 1517 2630; x_wconf 95' lang='lat' dir='ltr'>id</span> 
     </span>
     <span class='ocr_line' id='line_1_20' title="bbox 315 2664 1515 2743; baseline 0 -15"><span class='ocrx_word' id='word_1_144' title='bbox 315 2665 414 2743; x_wconf 88' lang='lat' dir='ltr'>plura</span> <span class='ocrx_word' id='word_1_145' title='bbox 426 2667 533 2730; x_wconf 85' lang='lat' dir='ltr'>citata</span> <span class='ocrx_word' id='word_1_146' title='bbox 545 2666 673 2730; x_wconf 89' lang='lat' dir='ltr'>habere</span> <span class='ocrx_word' id='word_1_147' title='bbox 686 2687 693 2742; x_wconf 93' lang='lat'>;</span> <span class='ocrx_word' id='word_1_148' title='bbox 717 2673 751 2729; x_wconf 92' lang='lat' dir='ltr'>et</span> <span class='ocrx_word' id='word_1_149' title='bbox 768 2686 876 2742; x_wconf 90' lang='lat' dir='ltr'>usque</span> <span class='ocrx_word' id='word_1_150' title='bbox 890 2664 1040 2742; x_wconf 87' lang='lat' dir='ltr'>penitius</span> <span class='ocrx_word' id='word_1_151' title='bbox 1053 2664 1272 2740; x_wconf 84' lang='lat' dir='ltr'>perlustrato,</span> <span class='ocrx_word' id='word_1_152' title='bbox 1289 2673 1333 2739; x_wconf 84' lang='lat' dir='ltr'>et,</span> <span class='ocrx_word' id='word_1_153' title='bbox 1348 2675 1515 2742; x_wconf 87' lang='lat' dir='ltr'>quantum</span> 
     </span>
     <span class='ocr_line' id='line_1_21' title="bbox 314 2764 1517 2844; baseline -0.001 -16"><span class='ocrx_word' id='word_1_154' title='bbox 314 2774 472 2844; x_wconf 86' lang='lat' dir='ltr'>potestas</span> <span class='ocrx_word' id='word_1_155' title='bbox 488 2767 569 2830; x_wconf 88' lang='lat' dir='ltr'>data</span> <span class='ocrx_word' id='word_1_156' title='bbox 586 2775 649 2840; x_wconf 86' lang='lat' dir='ltr'>est,</span> <span class='ocrx_word' id='word_1_157' title='bbox 665 2765 760 2829; x_wconf 91' lang='lat' dir='ltr'>libris</span> <span class='ocrx_word' id='word_1_158' title='bbox 775 2775 955 2829; x_wconf 90' lang='lat' dir='ltr'>auctorum</span> <span class='ocrx_word' id='word_1_159' title='bbox 974 2764 1120 2842; x_wconf 87' lang='lat' dir='ltr'>plurium</span> <span class='ocrx_word' id='word_1_160' title='bbox 1137 2764 1275 2840; x_wconf 85' lang='lat' dir='ltr'>collata,</span> <span class='ocrx_word' id='word_1_161' title='bbox 1296 2765 1393 2842; x_wconf 87' lang='lat' dir='ltr'>plura</span> <span class='ocrx_word' id='word_1_162' title='bbox 1409 2765 1517 2830; x_wconf 89' lang='lat' dir='ltr'>citata</span> 
     </span>
     <span class='ocr_line' id='line_1_22' title="bbox 312 2863 1518 2948; baseline 0.002 -20"><span class='ocrx_word' id='word_1_163' title='bbox 312 2887 390 2929; x_wconf 89' lang='lat' dir='ltr'>esse</span> <span class='ocrx_word' id='word_1_164' title='bbox 419 2887 495 2942; x_wconf 87' lang='lat' dir='ltr'>quae</span> <span class='ocrx_word' id='word_1_165' title='bbox 532 2886 601 2928; x_wconf 92' lang='lat' dir='ltr'>non</span> <span class='ocrx_word' id='word_1_166' title='bbox 630 2865 741 2942; x_wconf 89' lang='lat' dir='ltr'>primo</span> <span class='ocrx_word' id='word_1_167' title='bbox 776 2863 904 2928; x_wconf 91' lang='lat' dir='ltr'>intuito</span> <span class='ocrx_word' id='word_1_168' title='bbox 929 2863 1037 2948; x_wconf 82' lang='lat' dir='ltr'>citata</span> <span class='ocrx_word' id='word_1_169' title='bbox 1064 2885 1139 2927; x_wconf 88' lang='lat' dir='ltr'>esse</span> <span class='ocrx_word' id='word_1_170' title='bbox 1166 2864 1382 2928; x_wconf 89' lang='lat' dir='ltr'>videbantur.</span> <span class='ocrx_word' id='word_1_171' title='bbox 1433 2867 1518 2930; x_wconf 88' lang='lat' dir='ltr'>Haec</span> 
     </span>
    </p>
   </div>
   <div class='ocr_carea' id='block_1_5' title="bbox 227 2963 1097 3042">
    <p class='ocr_par' dir='ltr' id='par_1_10' title="bbox 227 2963 1097 3042">
     <span class='ocr_line' id='line_1_23' title="bbox 227 2963 1097 3042; baseline -0.003 -11"><span class='ocrx_word' id='word_1_172' title='bbox 227 2983 231 2992; x_wconf 91' lang='grc'><em>·</em></span> <span class='ocrx_word' id='word_1_173' title='bbox 313 2965 432 3030; x_wconf 89' lang='lat' dir='ltr'>omnia</span> <span class='ocrx_word' id='word_1_174' title='bbox 448 2966 556 3030; x_wconf 85' lang='lat' dir='ltr'>citata</span> <span class='ocrx_word' id='word_1_175' title='bbox 571 2965 687 3030; x_wconf 88' lang='lat' dir='ltr'>curavi</span> <span class='ocrx_word' id='word_1_176' title='bbox 704 2965 738 3027; x_wconf 97' lang='lat' dir='ltr'>in</span> <span class='ocrx_word' id='word_1_177' title='bbox 754 2963 957 3042; x_wconf 85' lang='lat' dir='ltr'>Appendice</span> <span class='ocrx_word' id='word_1_178' title='bbox 974 2963 1097 3028; x_wconf 88' lang='lat' dir='ltr'>notari.</span> 
     </span>
    </p>
   </div>
   <div class='ocr_carea' id='block_1_6' title="bbox 311 3064 1519 3631">
    <p class='ocr_par' dir='ltr' id='par_1_11' title="bbox 311 3064 1519 3631">
     <span class='ocr_line' id='line_1_24' title="bbox 359 3064 1517 3143; baseline 0 -15"><span class='ocrx_word' id='word_1_179' title='bbox 359 3066 577 3143; x_wconf 87' lang='lat' dir='ltr'>Impendium</span> <span class='ocrx_word' id='word_1_180' title='bbox 607 3064 826 3142; x_wconf 80' lang='lat' dir='ltr'>autographa</span> <span class='ocrx_word' id='word_1_181' title='bbox 856 3064 1081 3136; x_wconf 83' lang='lat' dir='ltr'>exscribendi,</span> <span class='ocrx_word' id='word_1_182' title='bbox 1107 3073 1213 3141; x_wconf 82' lang='lat' dir='ltr'>atque</span> <span class='ocrx_word' id='word_1_183' title='bbox 1243 3064 1309 3128; x_wconf 94' lang='lat' dir='ltr'>hoc</span> <span class='ocrx_word' id='word_1_184' title='bbox 1337 3067 1394 3128; x_wconf 80' lang='lat' dir='ltr'>DE</span> <span class='ocrx_word' id='word_1_185' title='bbox 1421 3067 1517 3128; x_wconf 81' lang='lat' dir='ltr'>SALE</span> 
     </span>
     <span class='ocr_line' id='line_1_25' title="bbox 311 3165 1517 3243; baseline -0.002 -12"><span class='ocrx_word' id='word_1_186' title='bbox 311 3186 402 3243; x_wconf 85' lang='lat' dir='ltr'>opus</span> <span class='ocrx_word' id='word_1_187' title='bbox 427 3165 648 3243; x_wconf 88' lang='lat' dir='ltr'>imprimendi</span> <span class='ocrx_word' id='word_1_188' title='bbox 672 3175 743 3230; x_wconf 91' lang='lat' dir='ltr'>tres</span> <span class='ocrx_word' id='word_1_189' title='bbox 769 3165 966 3239; x_wconf 86' lang='lat' dir='ltr'>societates,</span> <span class='ocrx_word' id='word_1_190' title='bbox 997 3186 1133 3241; x_wconf 84' lang='lat' dir='ltr'>nempe,</span> <span class='ocrx_word' id='word_1_191' title='bbox 1161 3165 1242 3227; x_wconf 82' lang='lat' dir='ltr'>THE</span> <span class='ocrx_word' id='word_1_192' title='bbox 1268 3167 1445 3228; x_wconf 68' lang='lat' dir='ltr'>Acronus</span> <span class='ocrx_word' id='word_1_193' title='bbox 1471 3185 1517 3229; x_wconf 85' lang='lat' dir='ltr'>OF</span> 
     </span>
     <span class='ocr_line' id='line_1_26' title="bbox 313 3265 1517 3340; baseline -0.003 -9"><span class='ocrx_word' id='word_1_194' title='bbox 313 3285 391 3331; x_wconf 74' lang='lat' dir='ltr'>Tun</span> <span class='ocrx_word' id='word_1_195' title='bbox 415 3267 505 3329; x_wconf 79' lang='lat' dir='ltr'><strong>an</strong></span> <span class='ocrx_word' id='word_1_196' title='bbox 521 3267 688 3340; x_wconf 81' lang='lat' dir='ltr'>Cuuncu,</span> <span class='ocrx_word' id='word_1_197' title='bbox 708 3265 789 3328; x_wconf 82' lang='lat' dir='ltr'>Tuu</span> <span class='ocrx_word' id='word_1_198' title='bbox 807 3265 985 3328; x_wconf 70' lang='lat' dir='ltr'>Genuum</span> <span class='ocrx_word' id='word_1_199' title='bbox 1001 3265 1240 3327; x_wconf 75' lang='lat' dir='ltr'>Couvnurrou</span> <span class='ocrx_word' id='word_1_200' title='bbox 1264 3283 1310 3327; x_wconf 76' lang='lat' dir='ltr'>or</span> <span class='ocrx_word' id='word_1_201' title='bbox 1328 3282 1402 3328; x_wconf 81' lang='lat' dir='ltr'>run</span> <span class='ocrx_word' id='word_1_202' title='bbox 1427 3267 1517 3327; x_wconf 77' lang='lat' dir='ltr'>Nuw</span> 
     </span>
     <span class='ocr_line' id='line_1_27' title="bbox 312 3363 1519 3446; baseline -0.003 -16"><span class='ocrx_word' id='word_1_203' title='bbox 312 3367 530 3446; x_wconf 73' lang='lat' dir='ltr'>Jenusnunu</span> <span class='ocrx_word' id='word_1_204' title='bbox 557 3375 592 3428; x_wconf 90' lang='lat' dir='ltr'>et</span> <span class='ocrx_word' id='word_1_205' title='bbox 619 3365 701 3428; x_wconf 76' lang='lat' dir='ltr'>Tun</span> <span class='ocrx_word' id='word_1_206' title='bbox 729 3367 856 3432; x_wconf 82' lang='lat' dir='ltr'>Rorcu</span> <span class='ocrx_word' id='word_1_207' title='bbox 884 3364 1078 3428; x_wconf 77' lang='lat' dir='ltr'>Tuusrsu&#39;s</span> <span class='ocrx_word' id='word_1_208' title='bbox 1105 3363 1295 3427; x_wconf 87' lang='lat' dir='ltr'>liberaliter</span> <span class='ocrx_word' id='word_1_209' title='bbox 1318 3365 1519 3442; x_wconf 84' lang='lat' dir='ltr'>suppedita-</span> 
     </span>
     <span class='ocr_line' id='line_1_28' title="bbox 312 3463 1514 3541; baseline -0.002 -11"><span class='ocrx_word' id='word_1_210' title='bbox 312 3475 447 3541; x_wconf 87' lang='lat' dir='ltr'>verunt,</span> <span class='ocrx_word' id='word_1_211' title='bbox 468 3487 509 3528; x_wconf 91' lang='lat' dir='ltr'>eo</span> <span class='ocrx_word' id='word_1_212' title='bbox 534 3465 601 3529; x_wconf 92' lang='lat' dir='ltr'>fine</span> <span class='ocrx_word' id='word_1_213' title='bbox 628 3466 744 3529; x_wconf 88' lang='lat' dir='ltr'>dando</span> <span class='ocrx_word' id='word_1_214' title='bbox 767 3463 939 3528; x_wconf 87' lang='lat' dir='ltr'>thesauris</span> <span class='ocrx_word' id='word_1_215' title='bbox 961 3463 1139 3528; x_wconf 89' lang='lat' dir='ltr'>societatis</span> <span class='ocrx_word' id='word_1_216' title='bbox 1162 3485 1249 3540; x_wconf 85' lang='lat' dir='ltr'>opus</span> <span class='ocrx_word' id='word_1_217' title='bbox 1272 3463 1514 3541; x_wconf 72' lang='lat' dir='ltr'>imprimentis</span> 
     </span>
     <span class='ocr_line' id='line_1_29' title="bbox 313 3565 1312 3631; baseline -0.003 0"><span class='ocrx_word' id='word_1_218' title='bbox 313 3566 447 3631; x_wconf 88' lang='lat' dir='ltr'>scilicet</span> <span class='ocrx_word' id='word_1_219' title='bbox 464 3566 546 3630; x_wconf 75' lang='lat' dir='ltr'>Tun</span> <span class='ocrx_word' id='word_1_220' title='bbox 563 3567 820 3628; x_wconf 77' lang='lat' dir='ltr'>Swnuuussonc</span> <span class='ocrx_word' id='word_1_221' title='bbox 836 3565 1048 3627; x_wconf 76' lang='lat' dir='ltr'>Screurlrrc</span> <span class='ocrx_word' id='word_1_222' title='bbox 1062 3566 1312 3628; x_wconf 78' lang='lat' dir='ltr'>Assocrnrrou.</span> 
     </span>
    </p>
   </div>
   <div class='ocr_carea' id='block_1_7' title="bbox 313 3732 1523 4410">
    <p class='ocr_par' dir='ltr' id='par_1_12' title="bbox 313 3732 1523 4410">
     <span class='ocr_line' id='line_1_30' title="bbox 359 3732 1515 3810; baseline -0.003 -11"><span class='ocrx_word' id='word_1_223' title='bbox 359 3737 437 3799; x_wconf 92' lang='lat' dir='ltr'>Hoc</span> <span class='ocrx_word' id='word_1_224' title='bbox 453 3736 511 3798; x_wconf 79' lang='lat' dir='ltr'>DE</span> <span class='ocrx_word' id='word_1_225' title='bbox 528 3735 624 3796; x_wconf 77' lang='lat' dir='ltr'><strong>SALE</strong></span> <span class='ocrx_word' id='word_1_226' title='bbox 641 3754 728 3810; x_wconf 84' lang='lat' dir='ltr'>opus</span> <span class='ocrx_word' id='word_1_227' title='bbox 744 3732 910 3809; x_wconf 87' lang='lat' dir='ltr'>scriptum</span> <span class='ocrx_word' id='word_1_228' title='bbox 927 3753 1001 3795; x_wconf 87' lang='lat' dir='ltr'>esse</span> <span class='ocrx_word' id='word_1_229' title='bbox 1018 3753 1110 3796; x_wconf 90' lang='lat' dir='ltr'>anno</span> <span class='ocrx_word' id='word_1_230' title='bbox 1128 3733 1207 3797; x_wconf 80' lang='lat'>1722</span> <span class='ocrx_word' id='word_1_231' title='bbox 1225 3732 1307 3796; x_wconf 90' lang='lat' dir='ltr'>dicit</span> <span class='ocrx_word' id='word_1_232' title='bbox 1333 3735 1392 3796; x_wconf 92' lang='lat' dir='ltr'>Dr.</span> <span class='ocrx_word' id='word_1_233' title='bbox 1415 3735 1453 3796; x_wconf 90' lang='lat' dir='ltr'>R.</span> <span class='ocrx_word' id='word_1_234' title='bbox 1474 3735 1515 3796; x_wconf 91' lang='lat' dir='ltr'>L.</span> 
     </span>
     <span class='ocr_line' id='line_1_31' title="bbox 313 3832 1515 3907; baseline -0.004 -7"><span class='ocrx_word' id='word_1_235' title='bbox 313 3834 416 3900; x_wconf 88' lang='lat' dir='ltr'>Tafel</span> <span class='ocrx_word' id='word_1_236' title='bbox 439 3835 474 3897; x_wconf 92' lang='lat' dir='ltr'>in</span> <span class='ocrx_word' id='word_1_237' title='bbox 489 3833 559 3897; x_wconf 90' lang='lat' dir='ltr'>suis</span> <span class='ocrx_word' id='word_1_238' title='bbox 576 3835 805 3896; x_wconf 79' lang='lat' dir='ltr'>Docuunurs</span> <span class='ocrx_word' id='word_1_239' title='bbox 823 3833 1054 3895; x_wconf 77' lang='lat' dir='ltr'>coucsnuruc</span> <span class='ocrx_word' id='word_1_240' title='bbox 1070 3833 1337 3907; x_wconf 77' lang='lat' dir='ltr'>Swuusuuouc,</span> <span class='ocrx_word' id='word_1_241' title='bbox 1357 3832 1434 3895; x_wconf 91' lang='lat' dir='ltr'>Vol.</span> <span class='ocrx_word' id='word_1_242' title='bbox 1455 3835 1515 3904; x_wconf 78' lang='grc' dir='ltr'><strong>ΙΙ..</strong></span> 
     </span>
     <span class='ocr_line' id='line_1_32' title="bbox 317 3931 1523 4014; baseline -0.003 -14"><span class='ocrx_word' id='word_1_243' title='bbox 317 3960 349 4014; x_wconf 91' lang='lat' dir='ltr'>p.</span> <span class='ocrx_word' id='word_1_244' title='bbox 376 3937 447 4000; x_wconf 90' lang='grc'>906.</span> <span class='ocrx_word' id='word_1_245' title='bbox 498 3933 716 3997; x_wconf 87' lang='lat' dir='ltr'>Sententiam</span> <span class='ocrx_word' id='word_1_246' title='bbox 746 3953 844 3996; x_wconf 92' lang='lat' dir='ltr'>suam</span> <span class='ocrx_word' id='word_1_247' title='bbox 874 3931 995 3996; x_wconf 89' lang='lat' dir='ltr'>statuit</span> <span class='ocrx_word' id='word_1_248' title='bbox 1025 3953 1129 4008; x_wconf 86' lang='lat' dir='ltr'>super</span> <span class='ocrx_word' id='word_1_249' title='bbox 1159 3933 1396 4009; x_wconf 80' lang='lat' dir='ltr'>Prospectum,</span> <span class='ocrx_word' id='word_1_250' title='bbox 1426 3954 1523 3996; x_wconf 86' lang='lat' dir='ltr'>anno·</span> 
     </span>
     <span class='ocr_line' id='line_1_33' title="bbox 313 4025 1519 4111; baseline -0.002 -10"><span class='ocrx_word' id='word_1_251' title='bbox 313 4037 439 4102; x_wconf 85' lang='lat' dir='ltr'>eodem</span> <span class='ocrx_word' id='word_1_252' title='bbox 463 4034 678 4111; x_wconf 81' lang='lat' dir='ltr'>impressum.</span> <span class='ocrx_word' id='word_1_253' title='bbox 699 4031 935 4110; x_wconf 72' lang='lat' dir='ltr'>praenuntians</span> <span class='ocrx_word' id='word_1_254' title='bbox 959 4053 1121 4107; x_wconf 86' lang='lat' dir='ltr'>magnum</span> <span class='ocrx_word' id='word_1_255' title='bbox 1145 4053 1232 4108; x_wconf 85' lang='lat' dir='ltr'>opus</span> <span class='ocrx_word' id='word_1_256' title='bbox 1256 4025 1341 4094; x_wconf 86' lang='lat' dir='ltr'>“De</span> <span class='ocrx_word' id='word_1_257' title='bbox 1360 4033 1519 4098; x_wconf 87' lang='lat' dir='ltr'>Genuina</span> 
     </span>
     <span class='ocr_line' id='line_1_34' title="bbox 319 4132 1519 4209; baseline -0.003 -10"><span class='ocrx_word' id='word_1_258' title='bbox 319 4134 541 4199; x_wconf 74' lang='lat' dir='ltr'>Metellorum</span> <span class='ocrx_word' id='word_1_259' title='bbox 565 4132 826 4206; x_wconf 86' lang='lat' dir='ltr'>Tractatione‚’&#39;</span> <span class='ocrx_word' id='word_1_260' title='bbox 842 4153 935 4195; x_wconf 88' lang='lat' dir='ltr'>anno</span> <span class='ocrx_word' id='word_1_261' title='bbox 951 4144 1120 4209; x_wconf 87' lang='lat' dir='ltr'>sequente</span> <span class='ocrx_word' id='word_1_262' title='bbox 1140 4133 1220 4197; x_wconf 78' lang='lat'><strong>1723</strong></span> <span class='ocrx_word' id='word_1_263' title='bbox 1244 4132 1405 4208; x_wconf 79' lang='lat' dir='ltr'>imprimi,</span> <span class='ocrx_word' id='word_1_264' title='bbox 1426 4133 1519 4209; x_wconf 86' lang='lat' dir='ltr'>quod</span> 
     </span>
     <span class='ocr_line' id='line_1_35' title="bbox 315 4229 1519 4313; baseline -0.002 -14"><span class='ocrx_word' id='word_1_265' title='bbox 315 4235 582 4313; x_wconf 88' lang='lat' dir='ltr'>dispescendum</span> <span class='ocrx_word' id='word_1_266' title='bbox 613 4234 647 4296; x_wconf 93' lang='lat' dir='ltr'>in</span> <span class='ocrx_word' id='word_1_267' title='bbox 678 4233 762 4296; x_wconf 90' lang='lat' dir='ltr'>XIX</span> <span class='ocrx_word' id='word_1_268' title='bbox 793 4234 922 4308; x_wconf 75' lang='lat' dir='ltr'>Partes</span> <span class='ocrx_word' id='word_1_269' title='bbox 953 4254 1098 4309; x_wconf 90' lang='lat' dir='ltr'>quarum</span> <span class='ocrx_word' id='word_1_270' title='bbox 1128 4232 1163 4294; x_wconf 94' lang='lat' dir='ltr'>in</span> <span class='ocrx_word' id='word_1_271' title='bbox 1195 4233 1296 4295; x_wconf 87' lang='lat' dir='ltr'>Parte</span> <span class='ocrx_word' id='word_1_272' title='bbox 1327 4233 1401 4306; x_wconf 84' lang='lat' dir='ltr'>XV,</span> <span class='ocrx_word' id='word_1_273' title='bbox 1433 4229 1519 4296; x_wconf 89' lang='lat' dir='ltr'>“De</span> 
     </span>
     <span class='ocr_line' id='line_1_36' title="bbox 319 4327 1519 4410; baseline -0.003 -11"><span class='ocrx_word' id='word_1_274' title='bbox 319 4335 496 4399; x_wconf 90' lang='lat' dir='ltr'>Methodis</span> <span class='ocrx_word' id='word_1_275' title='bbox 519 4333 699 4396; x_wconf 88' lang='lat' dir='ltr'>obtinendi</span> <span class='ocrx_word' id='word_1_276' title='bbox 724 4332 840 4396; x_wconf 89' lang='lat' dir='ltr'>Salem</span> <span class='ocrx_word' id='word_1_277' title='bbox 867 4333 1037 4410; x_wconf 85' lang='lat' dir='ltr'>petram‚&#39;&#39;</span> <span class='ocrx_word' id='word_1_278' title='bbox 1062 4340 1095 4396; x_wconf 91' lang='lat' dir='ltr'>et</span> <span class='ocrx_word' id='word_1_279' title='bbox 1120 4331 1154 4394; x_wconf 93' lang='lat' dir='ltr'>in</span> <span class='ocrx_word' id='word_1_280' title='bbox 1179 4333 1281 4395; x_wconf 89' lang='lat' dir='ltr'>Parte</span> <span class='ocrx_word' id='word_1_281' title='bbox 1306 4333 1401 4405; x_wconf 82' lang='lat' dir='ltr'>XVI,</span> <span class='ocrx_word' id='word_1_282' title='bbox 1432 4327 1519 4395; x_wconf 88' lang='lat' dir='ltr'>“De</span> 
     </span>
    </p>
   </div>
   <div class='ocr_carea' id='block_1_8' title="bbox 0 0 1766 5314">
    <p class='ocr_par' dir='ltr' id='par_1_13' title="bbox 0 0 1766 5314">
     <span class='ocr_line' id='line_1_37' title="bbox 0 0 1766 5314; baseline 0 0"><span class='ocrx_word' id='word_1_283' title='bbox 0 0 1766 5314; x_wconf 95' lang='lat' dir='ltr'> </span> 
     </span>
    </p>
   </div>
  </div>
 </body>
</html>
