3442 5302
295 721 354 762 120
653 707 719 770 DE
742 707 868 770 SALE
892 705 1131 771 COMMUNI

287 889 372 954 culis
396 889 553 954 rotundis
579 897 613 954 et
639 888 816 966 sphaericis
841 898 1019 964 constans;
1045 891 1103 954 sal
1122 909 1205 952 vero
1229 911 1293 954 nec
1315 911 1404 964 acre,
1424 911 1488 956 nec

286 984 436 1066 rodens,¹
462 990 522 1054 sed
551 989 692 1053 volatile
722 999 755 1053 et
785 999 1029 1067 temperatum,
1063 990 1261 1068 cuspidibus
1291 990 1424 1055 levibus
1453 999 1488 1056 et

285 1091 442 1168 benignis
459 1091 653 1168 praeditum
670 1109 745 1154 esse
762 1089 945 1154 existimat.
993 1090 1115 1154 Adhuc
1131 1091 1273 1166 invenit,
1290 1112 1487 1155 mensuram

286 1213 390 1256 unam
419 1188 500 1264 (une
525 1188 638 1267 pinte)
670 1211 838 1267 aquarum
870 1199 948 1268 post
979 1190 1264 1267 evaporationem
1294 1193 1485 1256 concedere

284 1293 457 1356 residuum
486 1290 643 1365 salinum,
678 1291 770 1368 quod
799 1289 961 1362 solutum.
996 1289 1162 1354 filtratum
1192 1299 1227 1354 et
1258 1299 1486 1369 evaporatum

285 1392 406 1456 reddat
422 1395 462 1454 50
478 1411 584 1466 grana
599 1389 690 1465 salia
710 1389 838 1453 relictis
853 1389 888 1454 in
905 1389 996 1453 filtro
1022 1400 1136 1454 terrae
1152 1390 1335 1454 albicantis
1351 1401 1386 1454 et
1402 1391 1487 1455 levis

284 1492 399 1568 granis
414 1493 446 1566 v;
482 1486 592 1562 [addit
616 1498 653 1554 ut
676 1490 879 1567 evaporatio
900 1490 1101 1554 instituatur
1122 1491 1156 1554 in
1179 1512 1261 1555 vase
1284 1491 1410 1556 collum
1427 1514 1487 1556 an·

285 1602 422 1668 gustum
460 1599 494 1654 et
531 1591 674 1654 fundum
712 1590 866 1668 amplum
900 1589 1112 1664 obtinente].
1175 1593 1214 1654 In
1244 1591 1410 1656 lateribus
1435 1589 1486 1656 sal

282 1691 423 1756 volatile
447 1692 509 1755 sub
532 1691 643 1754 lorma
666 1689 932 1768 chrystallorum
955 1691 1430 1769 subtilium-splendentium,
1451 1701 1486 1758 et

283 1790 547 1870 pyramidalium
572 1790 775 1866 adhaerere;
806 1790 840 1854 in
862 1791 970 1855 lundo
995 1811 1077 1854 vero
1101 1791 1278 1856 subsidere
1300 1791 1351 1855 sal
1367 1793 1482 1868 fixum,

281 1912 351 1956 non
374 1893 463 1956 adeo
484 1890 611 1954 album.
668 1890 801 1966 Quibus
827 1890 970 1966 singulis
996 1893 1059 1955 sub
1086 1912 1231 1955 examen
1252 1891 1396 1964 vocatis,
1423 1895 1487 1956 ob·

282 1991 442 2066 servavit,
469 1991 518 2054 sal
545 1990 697 2064 volatile,
724 1991 818 2055 omni
847 1991 938 2054 salso
969 1991 1140 2069 privatum
1168 2013 1303 2069 sapore,
1331 1991 1483 2068 linguam

281 2092 522 2156 subacidorum
547 2091 656 2154 instar
680 2091 876 2168 pupugisse,
896 2091 930 2154 in
954 2090 1031 2156 loco
1055 2091 1196 2156 humido
1220 2113 1289 2155 non
1304 2091 1406 2155 facile
1423 2113 1485 2170 per

281 2192 481 2269 deliquium,
514 2190 729 2255 commodius
764 2190 798 2254 in
835 2213 925 2268 aqua
962 2191 1049 2256 solvi
1088 2192 1250 2270 potuisse.
1309 2191 1483 2268 Quoniam

280 2301 397 2356 autem
425 2313 488 2356 nec
511 2293 584 2368 ejus
609 2289 736 2355 solutio
758 2313 835 2372 cum
858 2291 930 2355 sale
946 2292 1077 2366 tartari,
1097 2292 1168 2356 sale
1184 2291 1390 2370 viperarum,
1411 2291 1485 2369 pul-

279 2414 359 2456 vere
384 2392 566 2470 perlatum,
585 2391 815 2468 coralliorum,
835 2413 941 2456 cornu
963 2392 1055 2456 cervi
1082 2392 1264 2468 calcinato,
1284 2413 1348 2456 nec
1371 2393 1481 2471 ipsum

280 2492 330 2556 sal
361 2515 438 2556 cum
469 2491 567 2557 acido
598 2490 771 2577 sulphuris
799 2491 854 2555 vel
881 2492 1003 2569 spiritu
1030 2492 1157 2556 vitrioli
1185 2492 1481 2560 effervescentiam

280 2592 353 2669 init,
370 2593 431 2657 sed
444 2613 621 2669 aspersum
636 2588 827 2666 [flammae]
840 2593 1005 2657 candelae
1018 2593 1201 2670 strepitum
1214 2593 1329 2657 subito
1341 2592 1479 2668 excitat,

198 2718 201 2727 ·
280 2693 526 2770 flammamque
542 2691 736 2756 caeruleam
752 2692 878 2770 reddit;
902 2693 1071 2770 hujusque
1086 2693 1213 2757 solutio
1230 2693 1390 2757 Mercurii
1405 2695 1483 2757 sub·

158 2877 161 2884 ι
279 2791 389 2857 limati
413 2793 577 2857 corrosivi
602 2792 765 2856 solutioni
790 2793 917 2868 album,
936 2794 1095 2858 tincturae
1119 2793 1318 2871 heliotropii
1341 2795 1481 2857 rubrum

278 2892 431 2956 colorem
460 2892 632 2968 conciliat,
665 2903 771 2970 atque
800 2893 851 2957 sal
881 2893 1021 2957 Saturni
1057 2893 1209 2957 solutum
1239 2894 1273 2958 in
1303 2893 1481 2972 pulverem

278 2993 395 3056 album
419 2993 639 3071 praecipitat:
669 3014 739 3056 non
761 2997 818 3058 sal
830 2996 976 3070 acidum,
996 3014 1060 3058 nec
1075 2996 1132 3057 sal
1143 2996 1247 3058 alcali
1262 2997 1402 3065 actuale.
1421 2994 1482 3058 sed

278 3095 336 3157 sal
347 3087 878 3170 hermaphroditicum,²mediam
895 3096 987 3157 inter
998 3096 1137 3158 volatile
1149 3104 1183 3158 et
1193 3097 1307 3170 fixum
1320 3106 1481 3158 naturam

279 3205 423 3268 nactum,
453 3200 527 3256 esse
554 3193 741 3272 concludit;
783 3194 951 3270 imprimis
976 3216 1053 3258 cum
1081 3193 1171 3258 circa
1201 3193 1315 3258 oleum
1345 3193 1476 3269 tartari,

278 3292 475 3370 camphorae
505 3304 539 3357 et
569 3293 716 3358 victrioli
742 3294 943 3368 solutiones
970 3296 1110 3358 eosdem
1138 3315 1225 3371 quos
1250 3294 1377 3359 nitrum
1400 3295 1480 3358 edat

278 3393 430 3457 effectus
479 3396 519 3456 In
535 3393 616 3457 salis
631 3393 686 3457 fixi
704 3394 835 3471 analysi
851 3395 1011 3471 advertit,
1031 3393 1097 3458 hoc
1112 3395 1264 3458 solutum
1282 3404 1360 3472 post
1376 3394 1481 3458 filtra·

277 3493 408 3557 tionem
434 3503 467 3556 et
493 3494 776 3571 evaporationem
804 3494 993 3572 albescere;
1022 3515 1184 3572 saporem
1200 3494 1373 3572 subtilem,
1394 3517 1478 3572 pun·

277 3602 427 3670 gentem,
446 3594 647 3660 subacidum
673 3603 707 3658 et
729 3594 925 3658 subsalsum
950 3595 1140 3672 possidere3
1171 3595 1418 3672 pulverisatum
1444 3595 1478 3658 in

277 3715 367 3770 aqua
389 3683 536 3758 fundum
558 3703 691 3770 petere;
722 3695 756 3758 in
780 3694 857 3759 loco
873 3695 1014 3759 humido
1030 3695 1065 3758 in
1081 3695 1270 3772 deliquium
1287 3695 1395 3772 abire;
1418 3715 1479 3758 vas

276 3803 437 3866 terreum,
464 3795 498 3857 in
525 3816 594 3868 quo
619 3816 681 3873 per
703 3794 843 3872 aliquod
870 3803 1008 3873 tempus
1030 3805 1196 3870 servatur,
1223 3805 1417 3872 penetrare,
1444 3803 1478 3860 et

276 3894 487 3958 extrinsecus
516 3894 624 3958 instar
654 3894 789 3958 filorum
820 3894 1122 3972 chrystallinorum
1152 3894 1353 3972 adhaerere,
1388 3915 1477 3972 quae

275 3993 389 4058 soluta
418 4016 545 4070 aquam
574 3996 719 4059 reddant
751 4005 964 4072 pungentem
991 4003 1025 4058 et
1051 3995 1198 4071 acidam,
1217 3995 1265 4059 ita
1290 4003 1326 4058 ut
1349 3996 1477 4060 habeat

275 4114 435 4170 saporem
459 4095 709 4169 Mercurialem,
729 4108 763 4158 et
786 4117 864 4159 cum
887 4095 967 4159 nitri
991 4117 1051 4173 per
1067 4098 1235 4160 carbones
1252 4095 1346 4160 fixati
1363 4096 1478 4172 granis

228 4182 234 4193 ’
275 4193 408 4270 aliquot
423 4194 635 4259 effervescat.
685 4195 858 4270 Quoniam
873 4195 976 4271 igitur
991 4195 1071 4259 salis
1087 4195 1213 4259 solutio
1229 4217 1307 4259 cum
1323 4196 1394 4261 sale
1410 4205 1477 4259 tar-

272 4295 348 4369 tari,
368 4317 445 4358 cum
462 4294 530 4358 bile
546 4295 757 4368 animalium,
776 4317 854 4359 cum
872 4295 1032 4360 limatura
1050 4295 1181 4368 Martis
1201 4318 1279 4359 cum
1295 4296 1367 4360 sale
1383 4296 1475 4360 vola·

272 4394 324 4458 tili
354 4395 549 4473 viperarum
576 4417 646 4458 non
677 4395 807 4471 ebullit,
833 4395 1008 4460 concludit
1038 4396 1181 4471 Author,
1208 4396 1274 4460 hoc
1304 4406 1475 4461 texturam
1515 4449 1516 4452 η
