3524 5314
119 3162 162 3200 Per
172 3166 287 3216 evapora-

119 3211 209 3250 tionem
219 3217 245 3247 rn

118 3256 223 3302 vasculis

322 775 341 835 4
684 754 741 819 ua
762 753 868 818 sara
890 752 1105 818 corruunt

324 947 411 1018 neat,
427 943 478 1002 vel
493 942 539 1002 sal
554 958 626 1001 cum
639 941 755 1018 exigua
772 943 863 1018 parte
876 955 982 1016 aquae,
994 955 1068 1015 quae
1084 938 1157 999 dein
1171 938 1341 1016 evaporari
1354 937 1469 1016 possit;

323 1044 367 1104 sic
392 1043 504 1103 haberi
527 1045 636 1120 potest
659 1041 828 1118 quantitas
851 1040 928 1100 salis
951 1044 983 1100 et
1009 1039 1149 1116 qualitas
1173 1039 1245 1117 ejus
1268 1038 1338 1099 sine
1369 1039 1470 1098 multo

325 1145 445 1205 labore.

366 1243 429 1304 Sed
461 1242 577 1303 melius
607 1243 713 1302 adbuc
743 1241 907 1320 peragitur
938 1239 1053 1300 eadem
1083 1257 1194 1319 opera,
1220 1240 1246 1300 si
1273 1245 1470 1318 evaporetur

324 1345 432 1422 aliqua
449 1360 523 1422 pars
540 1341 652 1418 lixivii,
670 1343 740 1403 sive
757 1341 885 1402 dimidia
902 1341 972 1401 sive
990 1341 1103 1419 major,
1121 1340 1174 1400 vel
1193 1339 1387 1417 usquedum
1405 1340 1469 1418 pel·

325 1446 452 1506 liculam
467 1443 630 1521 quandam
648 1441 934 1502 animadvertasin
946 1438 1117 1519 superficie
1129 1461 1136 1517 ;
1150 1441 1311 1501 eximatur
1327 1444 1396 1500 tum
1411 1457 1471 1500 vas

325 1551 358 1606 et
373 1545 405 1605 irr
422 1545 504 1605 cella
520 1543 645 1603 vinaria
662 1559 759 1621 super
784 1547 911 1602 noctem
937 1545 1123 1619 reponatur,
1148 1544 1182 1602 et
1206 1540 1368 1601 residuum
1393 1558 1471 1600 eva-

325 1650 460 1725 potetur
478 1661 590 1704 rursus
606 1644 656 1704 die
674 1643 839 1719 sequenti,
857 1647 891 1702 et
904 1642 1017 1702 eodem
1036 1642 1131 1701 modo
1143 1642 1359 1720 reponaturin
1376 1642 1470 1715 cella,

327 1747 401 1806 dum
428 1745 534 1805 omnis
565 1744 753 1823 evaporatio
776 1743 821 1803 sic
852 1759 909 1822 per
933 1743 1022 1803 vices
1045 1749 1177 1820 peracta
1201 1741 1260 1819 sit;
1284 1742 1360 1803 dum
1384 1742 1470 1801 enirn

315 1847 520 1935 relinquitur
550 1845 616 1905 tale
646 1844 790 1904 lixivium
821 1843 860 1903 ad
884 1844 1019 1903 multam
1050 1848 1175 1921 partem
1200 1848 1413 1922 evaporatum
1439 1842 1471 1902 in

326 1946 419 2021 cella,
445 1949 607 2025 reponunt
630 1960 666 2005 se
690 1944 730 2004 ad
753 1942 890 2004 fundum
915 1945 1004 2004 vasis
1027 1944 1197 2022 chrystalli
1218 1943 1312 2004 salini
1341 1943 1472 2020 elegan-

325 2047 435 2123 tiores,
454 2047 539 2107 unde
557 2047 696 2106 babetur
713 2043 790 2104 salis
805 2045 973 2121 quantitas
989 2049 1023 2104 et
1035 2045 1177 2121 qualitas
1193 2044 1344 2121 quaesita.

337 2189 340 2193 -
370 2146 430 2208 Per
446 2146 586 2208 eundem
603 2146 710 2223 ignem
728 2144 842 2204 eadem
860 2161 958 2223 opera
974 2149 1083 2224 potest
1099 2145 1235 2219 institui,
1261 2144 1355 2204 modo
1373 2161 1472 2203 nove-

328 2248 369 2307 ris
385 2247 504 2324 gradus
522 2248 594 2324 ejus
609 2246 799 2320 observare,
814 2243 948 2318 scilicet,
963 2249 999 2305 ut
1015 2244 1185 2305 mediocris
1201 2245 1243 2304 sit
1258 2245 1289 2304 in
1307 2244 1471 2322 principio,

328 2349 402 2408 dein
418 2347 510 2408 tortis
526 2351 559 2406 et
575 2345 697 2421 fortior,
715 2349 749 2405 et
765 2345 809 2404 sic
827 2347 887 2405 sub
911 2344 1008 2406 tinem
1033 2345 1229 2406 diminuatur
1253 2345 1394 2419 sensim;
1418 2363 1473 2423 pe-

328 2453 416 2508 racta
433 2464 543 2526 opera,
562 2446 699 2506 habebis
716 2445 793 2506 salis
808 2446 1027 2522 quantitatem
1043 2447 1229 2523 quaesitam.

369 2546 433 2610 Sed
464 2547 547 2608 circa
578 2563 693 2606 omnes
717 2545 889 2623 praedictos
912 2546 1112 2624 probationis
1142 2545 1257 2607 modos
1279 2547 1474 2607 observabis

328 2650 471 2724 omnino,
488 2647 573 2725 quod
584 2663 668 2723 aqua
682 2647 766 2708 dicta
780 2647 883 2706 salina
896 2663 951 2724 per
968 2647 1114 2708 chartam
1129 2647 1359 2724 emporeticam
1376 2645 1471 2707 frltre·

329 2755 391 2825 tur,
420 2749 501 2810 adeo
526 2753 561 2808 ut
584 2747 721 2807 munda¹
746 2743 787 2807 sit
817 2749 857 2807 ab
876 2747 1104 2824 heterogeneis
1125 2751 1159 2807 et
1179 2748 1341 2826 praecipue
1364 2765 1382 2808 a
1406 2748 1474 2827 pin-

328 2851 481 2928 quedine,
492 2849 614 2909 sienim
628 2847 747 2926 pinque
758 2847 833 2924 quid
848 2847 876 2906 ei
890 2847 1063 2923 inbaereat,
1077 2848 1333 2926 chrystallisatio
1346 2849 1477 2925 nequic-

328 2967 425 3029 quam
449 2953 617 3024 seotatur;
641 2949 760 3026 pariter
784 2947 810 3007 si
833 2965 893 3008 vas
916 2953 1008 3007 tuum
1027 2949 1196 3008 inunctum
1221 2949 1262 3009 sit
1278 2949 1475 3026 pinquedine

329 3052 488 3130 quadam;
505 3049 649 3128 separari
665 3053 742 3109 tunc
760 3049 872 3124 nequit
889 3048 1024 3108 materia
1041 3049 1145 3109 salina
1162 3050 1203 3109 ab
1219 3049 1362 3126 aquosis,

368 3152 399 3214 6.
426 3150 594 3213 Methodus
609 3148 863 3210 Erkerianabuic
877 3148 989 3208 similis
1000 3153 1063 3210 est.
1087 3147 1474 3226 lubetv'asculumquod·

326 3254 399 3314 dam
413 3251 518 3332 parari
531 3250 685 3327 exiguum
702 3249 760 3309 sed
774 3265 814 3308 ex
823 3255 970 3326 argento,
988 3267 1061 3309 nam
1071 3266 1204 3329 cuprum
1217 3255 1250 3310 et
1259 3249 1381 3311 terrum
1398 3267 1475 3310 exe·

325 3355 408 3414 ditur
425 3354 466 3413 ab
483 3368 567 3428 aqua
584 3351 699 3425 salina,
715 3354 748 3410 et
764 3349 1025 3428 experimentum
1042 3355 1283 3427 consequenter
1298 3368 1361 3412 non
1374 3368 1475 3429 genu-

327 3456 415 3514 inum
429 3453 551 3532 prodit;
568 3451 739 3510 vasculum
758 3449 938 3510 bociormae
950 3450 1119 3527 quadratae
1137 3456 1281 3528 paretur,
1301 3456 1334 3513 et
1346 3452 1473 3511 lamella

327 3557 538 3633 supponatur,
553 3557 586 3611 et
599 3555 751 3611 teneatur
767 3551 810 3610 sic
829 3567 926 3628 supra
940 3551 1046 3628 ignem
1060 3551 1224 3628 quendam
1239 3552 1391 3629 exiguum
1405 3553 1475 3612 sive

326 3655 504 3716 carbonum
519 3653 589 3712 sive
606 3650 765 3726 candelae,
779 3651 931 3727 quoniam
946 3652 1063 3728 exigua
1080 3668 1154 3730 pars
1170 3667 1265 3729 aquae
1281 3653 1396 3713 salinae
1411 3657 1473 3722 est,

263 3789 267 3797 ·
327 3758 401 3817 binc
415 3755 512 3815 etiam
530 3752 671 3812 aminori
681 3751 755 3829 igne
772 3751 888 3812 discuti
904 3756 1025 3829 potest.
1071 3750 1135 3813 Sed
1151 3753 1394 3814 observandum
1412 3758 1474 3829 est,

117 4268 162 4308 Per
176 4265 267 4305 instru-

119 4319 225 4358 mentum

325 3856 409 3934 quod
427 3853 597 3933 ponderari
610 3852 730 3912 debeat
741 3851 919 3928 aquadicta
935 3853 1477 3929 antequaminvasculumimmita·

326 3963 390 4031 tur,
409 3962 444 4016 ut
461 3955 584 4016 scilicet
601 3956 718 4013 exacte
735 3953 806 4012 sciri
823 3953 925 4030 possit
940 3958 1099 4029 quantum
1117 3954 1194 4013 salis
1210 3953 1284 4014 talis
1300 3971 1383 4031 aqua
1400 3972 1475 4015 corr-

326 4059 451 4133 tineat;
469 4072 554 4132 aqua
572 4054 669 4113 etiam
686 4052 838 4112 frltranda
855 4057 906 4112 est
922 4070 977 4130 per
1000 4054 1146 4114 chartam
1171 4055 1416 4132 emporeticam‚
1442 4060 1476 4115 ut

328 4155 522 4218 mundabat
539 4156 579 4214 ab
597 4153 682 4214 omni
699 4153 897 4233 impuritate.

368 4277 399 4335 7.
447 4255 584 4334 Optime
610 4255 764 4333 probatur
788 4270 873 4330 aqua
895 4254 998 4314 salina
1029 4255 1134 4331 quoad
1156 4255 1375 4331 quantitatem
1400 4256 1477 4317 salis

326 4359 404 4421 inibi
421 4355 568 4418 contenti
585 4371 641 4434 per
657 4356 911 4415 instrumentum
928 4355 1088 4431 quoddam
1105 4355 1313 4434 peculiariter
1329 4357 1369 4416 ad
1385 4356 1474 4418 illum

328 4455 634 4520 usumconiectum.
669 4453 1475 4535 Constructiotalisinstrumentivarieexponitur‚

327 4561 384 4621 sed
403 4575 506 4636 usque
524 4562 634 4617 tamen
653 4556 766 4617 eodem
786 4573 837 4616 res
850 4555 962 4615 recidit
978 4556 1004 4615 si
1021 4556 1080 4615 bac
1097 4557 1149 4616 vel
1167 4556 1218 4616 illa
1232 4557 1475 4618 constructione
