3524 5314
344 791 381 855 52
722 777 780 840 DE
800 777 908 842 ΜΕ
929 776 1145 842 COMMUNI

341 961 448 1023 littzri
472 966 722 1040 repraesentata,
749 967 799 1022 est
827 963 1041 1038 demittenda,
1065 963 1139 1023 dein
1165 965 1294 1023 terebra
1318 965 1386 1025 litt:
1412 962 1436 1023 B
1458 966 1491 1024 et

341 1062 385 1122 sic
403 1063 465 1124 litt:
489 1061 570 1124 Cet
586 1062 630 1124 D.

383 1161 415 1223 Si
432 1164 513 1242 lapis
528 1162 658 1239 quidam
675 1163 705 1222 in
718 1163 770 1222 via
783 1163 823 1223 sit
836 1164 965 1238 obvius,
977 1164 1061 1241 quod
1075 1167 1172 1224 etiam
1187 1165 1301 1224 accidit
1314 1164 1489 1239 interdum,

342 1265 394 1323 vel
412 1265 538 1342 pyrites
555 1265 606 1323 vel
631 1263 713 1324 alius
735 1263 878 1340 generis,
903 1269 981 1324 tunc
1005 1264 1151 1324 insinuat
1174 1281 1209 1324 se
1233 1265 1285 1324 ille
1308 1281 1381 1324 cum
1405 1269 1492 1324 terra

340 1381 481 1441 sequace
497 1363 528 1424 in
544 1365 720 1423 cavitatem
738 1365 879 1425 terebrae
895 1379 951 1442 per
968 1347 1135 1424 valvulam
1153 1383 1183 1439 a,
1198 1365 1228 1424 in
1253 1363 1276 1438 f,
1302 1369 1335 1424 et
1357 1364 1401 1424 sic
1426 1381 1492 1424 una

341 1481 413 1524 cum
431 1464 500 1542 ipsa
517 1465 648 1524 terebra
664 1463 877 1539 subtrahitur,
896 1464 977 1524 adeo
994 1465 1135 1524 utnulla
1159 1465 1346 1525 resistentia
1369 1466 1410 1524 ab
1435 1465 1491 1523 bu·

338 1565 391 1644 jus
406 1565 537 1643 generis
553 1564 712 1642 lapidibus
728 1565 861 1625 oriatur.
900 1565 941 1624 nt
957 1581 1035 1625 vero
1058 1565 1084 1625 si
1109 1565 1232 1644 lapides
1248 1581 1297 1625 ma
1302 1565 1390 1644 Jores
1406 1565 1492 1636 obvii

341 1666 418 1741 sint,
437 1666 497 1725 boc
513 1669 577 1740 est,
595 1665 637 1725 illi
653 1665 707 1741 qui
723 1669 858 1741 aequant
874 1666 926 1725 vel
944 1669 1102 1743 superant
1117 1665 1363 1744 amplitudinem
1384 1665 1490 1724 tereb-

342 1781 397 1848 rae,
416 1769 450 1824 et
464 1781 546 1842 quos
563 1782 627 1825 non
644 1765 812 1837 insinuare
828 1765 950 1825 licet'in
968 1765 1086 1825 dictam
1103 1766 1280 1825 cavitatem
1298 1769 1393 1844 prout
1416 1765 1491 1824 dicti

342 1867 494 1936 minores,
518 1870 595 1925 tunc
619 1882 676 1944 per
700 1869 859 1924 serratam
884 1866 1049 1924 terebram
1078 1870 1246 1936 secantur,
1270 1865 1492 1926 continuando
1583 1853 1592 1878 '

341 1967 414 2026 dum
433 1967 529 2044 plene
553 1965 617 2026 sint
640 1965 785 2041 dissecti,
810 1965 842 2025 in
865 1981 961 2041 quem
987 1981 1080 2024 usum
1109 1966 1273 2043 praecipue
1296 1966 1493 2025 adhibentur

340 2067 403 2126 illae
425 2066 463 2126 de
486 2066 604 2142 quibus
627 2063 722 2126 infra.
771 2065 871 2125 illulto
895 2066 1005 2126 labore
1029 2073 1062 2125 et
1086 2082 1204 2143 magna
1228 2066 1387 2126 industria
1410 2082 1491 2144 opus

339 2172 391 2226 est
421 2183 493 2226 cum
524 2169 699 2226 occurrunt
728 2165 813 2224 tales
843 2165 977 2243 lapides,
1014 2182 1118 2242 usque
1141 2171 1251 2226 tamen
1278 2183 1340 2226 non
1365 2165 1491 2243 praediti

338 2270 417 2327 sunt
440 2266 541 2325 multa
558 2265 686 2340 duritie,
705 2270 781 2326 sunt
798 2265 987 2343 plerumque
1004 2266 1155 2341 arenarii,
1180 2268 1233 2343 qui
1249 2264 1377 2326 facilius
1392 2282 1489 2343 quam

339 2366 450 2442 reliqui
468 2371 607 2444 possunt
623 2363 791 2444 perforari.

382 2465 561 2527 Perforatio
578 2467 661 2526 dicta
678 2484 716 2527 eo
734 2482 837 2542 usque
854 2467 1063 2526 continuatur
1079 2466 1154 2526 dum
1172 2471 1369 2544 proventum
1392 2467 1433 2526 sit
1451 2466 1489 2526 ad

338 2567 380 2628 60
395 2568 446 2626 vel
463 2568 502 2628 80
519 2569 682 2642 ulnarum,
700 2571 733 2626 et
747 2582 849 2644 usque
867 2566 942 2626 dum
960 2571 1052 2644 petra
1068 2567 1175 2643 aliqua
1188 2566 1337 2639 occurrit,
1363 2583 1421 2626 nec
1438 2567 1492 2626 de·

337 2669 451 2729 sinunt
467 2665 685 2746 perforatores
702 2671 880 2743 antequam
898 2667 1016 2727 dictam
1037 2672 1163 2744 petram
1194 2668 1246 2726 vel
1272 2683 1384 2745 rupem
1411 2683 1491 2726 nan-

337 2769 511 2830 ciscantur.
557 2767 589 2827 ln
607 2767 708 2846 ipsam
726 2771 852 2846 petram
870 2767 975 2827 adhuc
994 2767 1168 2827 intruditur
1184 2769 1314 2828 terebra
1331 2767 1370 2826 ad
1384 2767 1490 2827 altitu·

338 2869 446 2928 dinem
467 2885 478 2928 1
498 2867 602 2946 pedis,
620 2867 718 2944 inque
736 2884 830 2926 usum
848 2872 927 2928 tunc
945 2871 1082 2927 vocatur
1097 2868 1228 2928 terebra
1253 2872 1489 2945 repraesentata

339 2969 408 3030 litt:
432 2968 467 3043 E,
493 2985 567 3045 quae
598 2969 628 3027 in
653 2967 775 3028 extima
792 2967 841 3027 sui
864 2971 957 3045 parte
974 2965 1115 3027 formata
1136 2971 1188 3027 est
1213 2967 1316 3027 instar
1334 2967 1369 3043 1-“.;
1393 2967 1490 3046 hujus

339 3086 400 3147 ope
415 3070 601 3129 terebratur
618 3067 765 3128 foramen
783 3068 904 3128 dictum
935 3067 967 3127 in
991 3073 1096 3146 petra.
1142 3067 1400 3127 Observandum
1426 3072 1488 3142 est,

338 3170 423 3247 quod
440 3174 531 3248 petra
548 3169 699 3246 subjecta
715 3173 847 3229 constet
862 3168 1054 3246 plerumque
1070 3185 1150 3228 saxo
1173 3168 1332 3243 arenario,
1351 3167 1433 3228 adeo
1456 3171 1490 3227 ut

340 3269 445 3330 facilis
461 3270 503 3329 sit
518 3268 706 3348 perforati0.

363 3389 366 3398 ⁴
384 3368 471 3431 Cum
487 3370 619 3430 tandem
644 3374 841 3448 perventum
866 3373 918 3428 est
940 3369 1115 3428 addictam
1143 3374 1268 3446 petram
1286 3373 1319 3427 et
1335 3373 1488 3428 cavatum

341 3477 393 3531 est
422 3469 664 3540 foraminulum,
690 3469 884 3529 demittendi
902 3473 980 3528 sunt
997 3470 1165 3548 siphones,
1187 3467 1257 3545 [frg.
1282 3470 1334 3546 2];
1350 3484 1489 3544 cumque

342 3571 444 3631 multa
474 3569 677 3648 profunditas
700 3573 752 3628 est
783 3570 960 3630 collocatur
990 3587 1074 3629 unus
1103 3569 1196 3648 sipho
1226 3586 1324 3647 supra
1350 3571 1488 3630 alterum

340 3676 374 3732 et
407 3670 635 3731 combinantur
669 3686 785 3730 omnes
822 3669 916 3730 modo
955 3669 1091 3746 vulgari,
1131 3669 1255 3729 scilicet
1291 3686 1352 3747 ope
1389 3669 1490 3729 circu·

339 3774 441 3832 lorum
472 3770 663 3832 ferreorum.
707 3769 754 3830 Ad
778 3771 881 3830 latera
906 3770 1079 3848 siphonum
1106 3769 1354 3847 conjunctorum
1386 3769 1492 3830 bacilli

339 3871 501 3949 longiores
516 3871 587 3930 sive
604 3869 690 3931 conti
706 3870 888 3948 prolongati
899 3869 1128 3945 demittuntur,
1145 3888 1185 3931 ne
1198 3871 1322 3930 scilicet
1335 3869 1489 3948 siphones

339 3973 505 4033 declinent
521 3989 540 4030 a
556 3972 641 4031 linea
658 3968 931 4050 perpendiculari,
949 3970 1007 4030 sed
1025 3975 1112 4030 recte
1129 3971 1159 4030 in
1177 3969 1325 4030 foramen
1342 3971 1373 4028 in
1397 3975 1490 4048 petra

338 4071 818 4149 factumdemittantur3sipho
843 4077 1098 4150 repraesentatur
1129 4071 1195 4132 litt:
1227 4070 1271 4146 G,
1303 4075 1488 4148 aperturam

341 4174 442 4232 babet
458 4188 477 4248 4
492 4171 640 4249 pollicum
654 4171 735 4232 fere.
783 4171 975 4232 Detruditur
993 4172 1043 4230 bic
1060 4171 1153 4250 sipho
1169 4173 1266 4250 plane
1283 4187 1401 4230 versus
1416 4168 1490 4229 fun-

340 4280 428 4348 dum,
446 4274 479 4332 h.
497 4289 527 4333 e.
547 4289 663 4332 versus
686 4276 812 4350 petram
837 4271 867 4331 in
890 4271 996 4350 ipsum
1021 4270 1169 4332 foramen
1192 4254 1277 4348 quod
1301 4271 1343 4331 ibi
1365 4270 1488 4330 factum

339 4376 401 4448 est,
420 4373 503 4433 utin
522 4373 564 4447 m,
580 4373 622 4433 M.
656 4373 749 4450 Aqua
770 4372 984 4432 seinsinuare
998 4369 1107 4450 pot'est
1122 4387 1178 4450 per
1196 4372 1290 4431 binas
1305 4376 1487 4450 aperturas

339 4492 371 4548 x,
384 4492 417 4548 x,
435 4473 465 4532 in
482 4473 659 4533 cavitatem
677 4472 878 4551 siphonis,et
893 4471 1107 4531 indesursum
1120 4473 1246 4550 proprio
1264 4472 1335 4531 nisu
1353 4470 1490 4548 emergit

339 4579 372 4635 et
384 4575 548 4635 elevatur.
575 4572 638 4636 Sed
651 4578 688 4636 ut
702 4572 896 4655 impediatur
909 4589 949 4631 ne
961 4588 1045 4651 aqua
1056 4574 1144 4632 salsa
1154 4573 1404 4636 commisceatur
1415 4587 1486 4636 cunr
