3524 5314
345 772 387 832 66
706 773 765 836 DE
784 774 893 838 SALE
914 773 1136 838 COMMUNI.

347 974 447 1016 unum
471 959 565 1037 juxta
592 959 746 1035 alterum;
773 958 900 1037 pondus
924 959 1072 1037 cujusvis
1097 963 1148 1020 est
1177 975 1193 1036 3
1219 960 1495 1021 centenariorum.

348 1057 412 1118 Vas
428 1062 480 1118 est
495 1056 609 1118 lormae
625 1075 719 1136 paene
736 1059 916 1135 quadratae,
945 1059 1146 1136 longitudine
1170 1075 1189 1136 4
1213 1060 1345 1139 pedum,
1376 1059 1496 1138 pariter

346 1158 530 1233 latitudine,
548 1158 875 1236 altitudinelpedis5
905 1160 1022 1218 camini
1049 1176 1147 1238 super
1171 1177 1253 1238 quos
1278 1161 1389 1238 jacent
1418 1164 1496 1220 sunt
1578 1181 1579 1186 ¹

345 1259 496 1320 humiles.
545 1258 774 1337 liujuscemodi
790 1259 906 1319 domus
922 1259 1160 1339 evaporatoriae
1176 1265 1255 1321 sunt
1282 1277 1418 1321 numero
1444 1272 1493 1338 54.

348 1358 504 1436 Repletur
520 1359 586 1419 tale
600 1376 660 1418 vas
676 1376 770 1437 paene
787 1361 827 1419 ab
842 1375 854 1420 1
868 1364 969 1421 tonna
985 1376 1094 1442 aquae;
1110 1377 1167 1438 per
1177 1361 1356 1421 coctionem
1370 1359 1495 1438 ejicitur

347 1459 452 1519 omnis
467 1476 565 1535 aqua,
583 1458 658 1519 dum
675 1459 795 1520 siccum
813 1460 860 1519 sal
886 1458 954 1520 lere
982 1465 1164 1532 remaneat,
1190 1464 1224 1520 et
1249 1460 1395 1536 coquitur
1421 1461 1494 1538 igne

348 1559 429 1618 satis
445 1557 518 1619 lorti
529 1559 634 1636 spatio
649 1575 664 1635 3
682 1561 832 1620 horarum
845 1580 852 1634 ;
869 1559 943 1619 dum
959 1560 1196 1638 chrystallisari
1209 1559 1320 1638 incipit
1332 1561 1393 1634 sal,
1406 1560 1495 1620 dimi·

350 1659 458 1718 nuitur
473 1659 572 1733 calor,
590 1663 624 1719 et
639 1659 713 1720 dein
730 1659 881 1720 eximitur
898 1660 975 1720 etin
992 1661 1108 1720 corbes
1121 1659 1280 1735 aufertur,
1305 1666 1339 1721 et
1360 1660 1493 1721 tandem

348 1775 436 1818 more
453 1763 548 1820 sueto
564 1759 703 1820 siccatur
728 1759 759 1819 in
783 1760 850 1819 loco
873 1760 985 1822 calido.
1030 1759 1116 1821 lntra
1138 1765 1269 1840 tempus
1291 1776 1330 1838 24
1343 1761 1493 1822 horarum

347 1859 485 1920 obtineri
502 1859 616 1920 dicitur
638 1859 659 1920 6
684 1863 805 1920 tonnas
832 1860 910 1920 salis
936 1861 968 1920 in
995 1860 1111 1938 quavis
1137 1860 1232 1921 domo
1256 1861 1494 1939 evaporatoria.

349 1959 443 2019 libra
474 1960 571 2037 hujus
601 1959 776 2036 salsuginis
802 1960 949 2020 continet
970 1960 1153 2035 quncias.*
1197 1959 1420 2022 Continuatur
1436 1962 1495 2022 hoc

347 2078 429 2139 opus
443 2061 495 2120 die
512 2064 545 2120 et
562 2065 669 2135 nocte,
689 2077 748 2120 nec
763 2077 899 2138 usquam
917 2061 1134 2138 exstinguitur
1146 2061 1229 2138 ignis
1245 2061 1304 2122 nisi
1316 2061 1392 2138 quid
1406 2079 1495 2141 repa·

348 2161 484 2220 randum
502 2161 555 2222 sit.
602 2159 749 2222 Sedecim
768 2178 848 2220 vasa
864 2165 943 2221 sunt
960 2159 1126 2238 Principis,
1146 2161 1267 2237 reliqua
1289 2166 1368 2222 sunt
1391 2162 1496 2239 priva-

346 2266 452 2322 torum
465 2282 473 2335 ;
488 2261 663 2338 quotannis
676 2261 864 2321 obtinentur
880 2261 1005 2321 circiter
1020 2262 1139 2337 98,000
1152 2266 1264 2322 tonnae
1280 2261 1369 2323 salis,

391 2361 512 2422 Putant
528 2361 578 2420 bic
595 2361 699 2438 perire
715 2361 793 2421 salis
819 2361 997 2437 genuinum
1023 2379 1171 2439 saporem
1188 2361 1214 2422 si
1230 2366 1386 2438 coquatur
1410 2379 1495 2439 aqua

348 2463 420 2539 ejus
436 2461 467 2521 in
484 2461 617 2522 cortinis
632 2460 758 2534 terreis,
777 2478 840 2521 non
859 2479 936 2522 vero
952 2463 983 2522 in
1001 2462 1174 2540 plumbeis,
1188 2462 1228 2522 ad
1240 2462 1406 2522 minimum
1420 2478 1495 2541 ope·

349 2579 416 2622 ram
434 2562 550 2621 melius
566 2561 615 2620 bic
632 2561 742 2638 peragi
758 2561 789 2620 in
806 2561 968 2639 plumbeis
983 2578 1081 2638 quarn
1096 2563 1127 2622 ln
1144 2559 1271 2624 ferreis.

857 2779 980 2841 xxvn.

433 2961 614 3024 COCTlO
638 2962 754 3024 sniis
779 2963 831 3024 EX
856 2962 978 3040 AQun
1004 2961 1214 3027 FONTANA
1240 2962 1411 3025 HASSlAE.

392 3097 423 3156 ln
443 3097 557 3157 llassia
577 3114 639 3156 non
657 3097 776 3174 ignotae
791 3102 869 3157 sunt
886 3095 1170 3157 Allendorllenses
1186 3097 1313 3173 salinae,
1327 3115 1401 3175 quae
1413 3098 1495 3158 anti·

348 3199 512 3274 quissimae
529 3197 681 3258 videntur
698 3215 784 3259 esse.
830 3197 915 3257 Pons
937 3198 966 3257 in
984 3198 1141 3275 paludoso
1164 3198 1233 3258 solo
1256 3197 1416 3276 profunde
1438 3197 1494 3258 ad-

348 3298 475 3358 modum
493 3297 686 3373 demittitur,
704 3303 737 3358 et
753 3299 903 3358 scatebra
921 3299 1043 3375 largum
1060 3297 1190 3374 quidem
1208 3297 1265 3358 sed
1281 3298 1351 3357 sale
1367 3298 1494 3376 parcius

346 3398 470 3459 loetum
488 3398 617 3458 laticem
634 3398 765 3472 emittit,
784 3415 921 3476 eamque
938 3401 978 3458 ob
995 3415 1127 3458 causam
1142 3399 1298 3476 salsugini
1310 3398 1408 3458 variis
1419 3397 1495 3458 arti·

346 3498 426 3558 ficiis
442 3499 473 3557 in
504 3498 589 3558 casis
619 3499 744 3558 salariis
776 3497 906 3559 nimiam
934 3497 1161 3558 humiditatem
1194 3497 1325 3558 demere
1356 3498 1491 3559 debent.

344 3597 397 3660 Sal
430 3598 636 3659 bituminosis
663 3599 860 3660 carbonibus
892 3615 951 3658 nec
984 3615 1047 3659 non
1086 3582 1171 3676 ligno
1202 3598 1341 3672 elicitur,
1374 3604 1408 3658 et
1437 3615 1493 3677 per

344 3699 507 3774 llassiam,
534 3697 753 3759 Palatinatum
779 3703 813 3759 et
839 3699 951 3760 Rheno
968 3698 1161 3777 adjacentes
1184 3698 1333 3776 regiones
1348 3698 1492 3760 divendi·

343 3804 408 3861 tur.
455 3797 571 3858 Deliis
589 3795 765 3858 Hoffmann
779 3800 809 3858 in
827 3799 948 3878 Opusc:
965 3797 1253 3876 Planco-Modicia.

387 3899 475 3959 Alias
489 3898 563 3958 lons
580 3903 631 3959 est
647 3898 678 3958 in
693 3898 809 3959 Hassia
823 3916 886 3959 non
900 3900 1009 3978 procul
1024 3899 1064 3958 ab
1077 3898 1250 3958 Almerade
1263 3897 1492 3960 circalluvium

343 4000 462 4075 Verra;
479 3999 586 4060 exsilit
603 3999 643 4058 ibi
660 4001 720 4061 sub
740 4004 849 4060 monte
866 3999 1005 4077 quodam
1024 3999 1138 4077 lapidis
1161 3997 1302 4075 calcarii;
1325 4016 1421 4078 sapor
1443 4004 1495 4060 est

342 4101 542 4177 astringens,
559 4116 683 4178 perque
707 4100 796 4160 illum
821 4100 982 4160 indicatur
1005 4098 1158 4159 aluminis
1180 4099 1343 4176 quandam
1367 4108 1492 4178 partem

343 4200 529 4262 recondere.
574 4199 673 4260 Circa
689 4200 943 4278 profunditatem
965 4212 997 4276 15
1017 4200 1179 4275 ulnarum,
1197 4199 1315 4260 obvius
1339 4205 1391 4260 est
1413 4199 1494 4278 lapis

342 4300 556 4378 majusculus,
573 4300 657 4360 circa
674 4317 769 4377 quem
788 4316 885 4361 venae
901 4300 1102 4376 scaturiunt;
1121 4299 1195 4359 inde
1219 4300 1409 4359 exantlatur
1432 4317 1493 4378 ope

340 4418 495 4479 equorum
513 4405 546 4462 et
563 4401 735 4476 macbinae,
754 4405 787 4461 et
803 4400 930 4461 ducitur
946 4401 991 4461 sic
1017 4401 1048 4460 in
1073 4400 1204 4461 domum
1232 4400 1491 4482 evaporatoriam

372 4582 427 4649 *[E
441 4582 575 4649 margine]
597 4584 684 4650 Aliqui
698 4584 792 4638 dicunt
806 4597 818 4651 ς
833 4584 940 4638 uncias.
