3442 5302
288 690 345 746 116
647 689 714 750 DE
737 687 863 750 SALE
888 687 916 752 C
919 687 1035 750 OMM
1037 687 1127 752 UNI
1235 743 1237 748 ,

326 875 377 936 De
399 875 540 936 Balneis
556 874 764 937 Porcetanz's.
813 873 853 935 ln
870 881 1037 935 montano
1052 872 1139 945 vico,
1159 873 1274 936 Bonet
1289 873 1392 948 dicto,
1411 873 1487 936 lim-

285 975 373 1052 pidae
397 995 495 1050 aquae
519 973 762 1048 ferventesque
786 981 971 1049 erumpunt
994 993 1035 1036 ac
1051 972 1153 1050 plane
1170 972 1389 1050 ebullientes;
1412 974 1486 1037 nul·

282 1075 353 1138 lum
369 1083 497 1137 tetrum
513 1069 655 1137 odorem
671 1073 814 1149 spirant,
830 1073 904 1135 sine
920 1071 1083 1149 sulphure
1100 1093 1220 1135 omnes
1235 1072 1326 1136 salso
1342 1073 1488 1137 alumin-

284 1159 352 1237 os‘ae
382 1174 551 1237 videntur.
610 1175 649 1236 In
677 1172 729 1235 his
756 1172 854 1249 aquis
881 1172 980 1249 tophi
1005 1194 1109 1248 quam
1136 1173 1284 1252 plurimi,
1314 1173 1486 1251 lapidibus

285 1273 486 1352 persimiles,
513 1282 732 1350 generantur,
759 1271 931 1348 longeque
958 1295 977 1336 a
1004 1272 1158 1336 fontibus
1184 1273 1318 1348 nigram
1345 1273 1379 1337 in
1406 1273 1486 1338 rivis

283 1374 463 1437 materiam
480 1375 669 1451 deponunt.
712 1375 807 1435 Inter
823 1371 976 1436 calentes
992 1373 1107 1435 fontes
1123 1372 1223 1436 multi
1234 1373 1357 1449 frigidi,
1368 1375 1488 1451 jucun-

282 1475 365 1538 dum
382 1475 466 1548 visu,
486 1473 687 1537 scaturiunt.

691 1687 758 1762 [De
772 1692 887 1766 Aquis
906 1688 1080 1764 Gallicis]

326 1877 378 1938 De
403 1877 504 1950 aquis
530 1875 697 1937 D'Evauz
724 1875 760 1936 in
790 1875 917 1938 Gallia.
966 1875 1005 1936 In
1033 1896 1100 1937 una
1127 1873 1213 1938 libra
1237 1875 1406 1951 'aquarum
1432 1897 1488 1939 ex·

286 1975 441 2053 plorator
470 1996 572 2051 supra
599 1975 618 2039 7
645 1995 751 2049 grana
777 1973 999 2036 subsidentiae
1026 1973 1156 2044 habuit,
1186 1976 1282 2051 cujus
1307 1975 1486 2039 dimidium

284 2075 457 2139 terrestris
484 2074 629 2138 materia
656 2083 744 2149 erat;
776 2073 990 2137 subsidentia
1017 2096 1121 2150 quam
1146 2075 1278 2138 invenit
1305 2076 1404 2139 Dr'rus
1431 2077 1487 2139 Du

286 2175 368 2240 Clos
394 2174 588 2251 subdupla
612 2174 719 2237 ferme
747 2182 830 2238 erat.
880 2175 1013 2237 Harum
1040 2195 1207 2250 aquarum
1230 2174 1338 2239 salem
1354 2176 1487 2239 marino

284 2276 470 2352 analogum
494 2283 604 2352 putat,
623 2275 678 2338 cui
699 2282 818 2337 tamen
834 2274 990 2337 nativum
1006 2273 1113 2336 salem
1129 2273 1309 2338 alcalicum
1326 2297 1393 2338 una
1409 2297 1487 2355 curn

286 2397 397 2454 pauco
413 2374 576 2453 sulphure
593 2373 727 2440 misceri
741 2373 894 2451 pluribus
906 2374 1073 2437 institutis
1085 2375 1330 2450 experimentis
1344 2376 1483 2452 judicat.

328 2478 379 2539 De
394 2477 495 2551 aquis
518 2477 558 2537 de
580 2475 747 2550 Bourdon,
771 2475 903 2548 Gallia,
924 2497 944 2536 a
960 2475 1036 2536 Deio
1052 2475 1160 2539 Bulet.
1208 2477 1308 2551 Aqua
1324 2474 1397 2539 haec
1413 2496 1489 2538 sen-

285 2575 432 2640 sibiliter
453 2575 596 2638 scaturit
619 2595 659 2638 ac
682 2574 858 2650 ingentem
875 2575 1007 2637 fumum
1024 2574 1165 2651 emittit;
1189 2576 1387 2652 superficies
1402 2579 1485 2654 ejus,

285 2697 365 2741 cum
392 2697 461 2739 non
488 2675 648 2751 agitatur,
668 2673 831 2737 obvelata
854 2673 952 2751 quasi
975 2684 1122 2751 apparet
1146 2675 1264 2752 pingui
1281 2676 1431 2752 quadam
1448 2697 1488 2739 ac

275 2771 405 2842 'oleosa
430 2774 668 2839 membranula
693 2774 948 2852 superinducta,
969 2796 1045 2850 quae
1069 2783 1187 2838 tamen
1210 2775 1297 2839 adeo
1318 2775 1433 2839 tenuis
1449 2797 1489 2840 ac

285 2875 512 2954 superficialis
534 2883 597 2952 est,
617 2884 655 2938 ut
678 2873 771 2937 nulla
787 2874 954 2937 industria
971 2873 1218 2951 diligentiaque
1235 2875 1349 2952 colligi
1366 2875 1485 2953 possit.

287 2978 360 3040 Nec
386 2997 476 3052 aqua
504 2973 685 3052 perspicua
711 2974 898 3038 admodum
922 2974 1012 3038 intra
1036 2973 1178 3052 poculos
1194 2984 1256 3051 est,
1276 2975 1402 3039 nullius
1417 2977 1488 3039 fere

285 3076 412 3151 odoriS,
431 3075 555 3139 caloris
578 3074 704 3150 magni,
724 3073 782 3151 qui
805 3083 924 3138 tamen
946 3073 1136 3138 tolerabilis
1152 3075 1259 3155 tactui
1275 3085 1337 3151 est,
1356 3075 1489 3152 saporis

285 3196 369 3240 vero
386 3175 444 3252 qui
460 3174 618 3238 lixivialis
633 3173 714 3237 salis
730 3181 868 3250 gustum
883 3174 999 3236 refert.
1048 3175 1216 3238 Demerso
1232 3175 1322 3239 intra
1338 3175 1488 3240 medium

288 3285 431 3355 puteum
468 3277 677 3350 barometro,
717 3274 831 3351 liquor
867 3275 909 3337 ad
946 3276 986 3338 24
1023 3274 1150 3338 lineam
1187 3276 1352 3340 ascendit.
1424 3278 1487 3339 Hae

288 3397 387 3453 aquae
416 3375 567 3439 calorem
597 3375 788 3440 diutissime
815 3383 964 3451 servant,
995 3375 1083 3438 adeo
1114 3385 1150 3438 ut
1180 3370 1373 3439 communis
1398 3397 1490 3452 aqua

287 3477 412 3541 eodem
442 3476 549 3551 gradu
579 3474 747 3539 calefacta
774 3495 838 3539 nec
864 3495 934 3537 non
960 3475 1214 3539 ferventissima
1241 3497 1281 3539 ac
1308 3475 1486 3551 ebulliens

172 3607 174 3614 ·
288 3577 488 3652 refrigescat
513 3574 645 3640 interea
672 3575 752 3638 dum
783 3574 835 3638 hae
862 3596 961 3651 aquae
992 3573 1175 3651 plusquam
1205 3585 1366 3666 tepentes
1396 3584 1485 3639 sunt.

289 3678 402 3740 Nemo
418 3695 557 3753 prorsus
572 3674 719 3751 ignorat,
736 3676 875 3738 easdem
891 3695 1010 3750 aquas,
1027 3696 1047 3737 a
1062 3675 1158 3737 fonte
1171 3697 1281 3753 nuper
1293 3677 1435 3740 eductas
1450 3697 1490 3739 ac

288 3779 333 3842 ad
349 3777 464 3853 ignem
479 3774 598 3838 statim
622 3775 762 3852 positas,
782 3774 883 3838 citius
898 3795 968 3837 non
984 3773 1137 3849 ebullire,
1157 3797 1261 3851 quam
1284 3797 1375 3852 aqua
1397 3797 1490 3840 com-

289 3875 403 3940 munis
415 3875 557 3939 omnino
568 3873 702 3950 frigida.
743 3876 873 3938 Notum
891 3883 1081 3951 praeterea,
1097 3873 1280 3938 herbarum
1296 3875 1378 3939 folia
1391 3875 1425 3938 in
1438 3875 1490 3939 his

288 3974 388 4053 aquis
410 3973 623 4039 ferventibus
646 3973 807 4038 immersa
823 3995 893 4037 non
909 3973 1104 4038 flavescere.
1153 3976 1270 4051 Aquas
1286 3975 1490 4040 balneorum

290 4075 427 4140 miscuit
449 4097 527 4138 cum
549 4073 721 4138 solutione
744 4073 825 4138 salis
848 4073 927 4138 nitri
950 4073 1079 4151 filtrati,
1099 4095 1211 4151 neque
1234 4075 1400 4151 virginale
1423 4075 1486 4151 lac,

289 4197 404 4252 neque
429 4173 622 4251 coagulum,
652 4195 764 4250 neque
791 4173 1022 4252 praecipitatio
1045 4174 1114 4238 ulla
1136 4176 1320 4239 subsecuta
1343 4185 1405 4249 est,
1430 4176 1490 4239 sed

288 4297 381 4353 aqua
411 4273 693 4353 perspicuitatem
720 4295 818 4337 suam
847 4273 1007 4338 servavit.
1065 4275 1156 4338 Huic
1182 4274 1337 4338 mixturae
1364 4276 1490 4354 adjecit

289 4385 406 4453 guttas
418 4374 550 4452 aliquot
563 4373 703 4452 spiritus
714 4374 872 4447 victrioli,
886 4372 1073 4452 statimque
1086 4374 1139 4438 lac
1149 4374 1315 4451 virginale
1328 4377 1488 4440 effectum
1527 4403 1528 4408 ¹
