3524 5314
513 754 781 820 EXPLORATIO
804 753 1059 834 QUALITATIS
1079 755 1200 819 SALIS
1398 772 1433 834 13

286 940 367 1020 figit.
411 943 470 1005 Sal
484 940 745 1021 Luucburgicnm¹
770 943 862 1002 leves
885 957 1019 1019 spumas
1043 941 1110 1016 dat,
1130 941 1187 1000 sed
1210 956 1284 1018 quae
1307 941 1435 1000 haerent

285 1044 316 1103 in
348 1043 515 1121 superiore
546 1046 637 1121 parte
668 1041 768 1116 vasis,
800 1040 895 1101 facile
926 1041 1001 1101 inde
1038 1041 1191 1122 separari
1212 1044 1332 1119 potest.
1377 1041 1435 1103 Sal

223 1137 229 1147 '
285 1142 434 1205 Hallense
450 1143 614 1203 minimam
631 1141 749 1203 iaecum
766 1147 891 1221 partem
909 1141 976 1202 dat.
1002 1140 1229 1202 Observatum
1253 1142 1352 1202 etiam
1370 1145 1432 1216 est,

288 1243 375 1320 quod
393 1245 440 1303 sal
466 1243 677 1321 Hispanicum
702 1248 735 1303 et
757 1246 930 1321 purgatum
955 1258 1041 1320 aegre
1064 1242 1104 1302 ad
1128 1243 1308 1303 coctionem
1325 1243 1376 1302 vel
1395 1241 1435 1302 ad

287 1344 511 1404 ebullitionem
542 1343 707 1421 redigitur,
739 1344 786 1403 sal
814 1359 893 1403 vero
920 1341 1199 1420 Luneburgicum²
1222 1347 1255 1403 et
1279 1341 1434 1402 Hallense

286 1443 426 1508 facilius.

331 1560 356 1622 3.
404 1545 463 1604 Per
488 1543 692 1624 crepituram'
713 1545 766 1604 vel
789 1542 1058 1623 decrepilalioncm
1073 1543 1160 1606 salis.
1208 1542 1239 1604 Si
1255 1544 1435 1604 calcinetur

287 1647 380 1706 salin
398 1663 479 1706 vase
496 1646 634 1722 quodam
652 1643 786 1723 figulino
802 1645 854 1704 vel
872 1643 978 1705 ferreo
994 1660 1091 1722 super
1114 1645 1234 1722 ignem,
1259 1648 1337 1704 tunc
1360 1644 1436 1705 dec·

287 1747 427 1826 repitare
441 1748 525 1806 solet
538 1746 597 1820 sal,
610 1761 740 1823 quoque
753 1744 849 1806 fixius
862 1749 913 1805 est
923 1749 956 1805 et
967 1744 1096 1820 siccius,
1117 1762 1155 1805 eo
1169 1745 1271 1822 magis
1283 1745 1433 1823 crepitat.

288 1846 386 1908 Circa
399 1846 689 1924 decrepitationem
704 1846 790 1906 illam
800 1845 809 1872 ⁴
821 1846 1049 1906 observandus
1060 1847 1157 1906 etiam
1168 1850 1220 1906 est
1230 1847 1316 1906 color
1328 1866 1335 1922 ;
1348 1846 1434 1906 color

287 1949 383 2008 albus
395 1948 427 2007 in
442 1948 512 2006 sale
525 1946 726 2025 decrepitato
739 1946 873 2024 probat⁵
888 1947 1054 2006 minimam
1069 1951 1194 2024 partem
1211 1946 1433 2024 impuritatum

286 2048 314 2108 ei
331 2049 453 2108 inesse.
499 2047 556 2109 Sal
576 2045 783 2125 Hispanicum
798 2063 853 2125 per
870 2063 907 2106 se
923 2047 1060 2124 crepitat
1076 2053 1109 2107 et
1125 2063 1197 2106 cum
1214 2047 1354 2123 quadam
1380 2064 1435 2106 ve·

287 2148 466 2208 nementia.
511 2146 569 2210 Sal
585 2149 755 2227 purgatum
778 2147 916 2226 crepitat
937 2147 1124 2207 cumulatim
1149 2148 1263 2225 magis,
1289 2147 1346 2207 sed
1371 2165 1433 2208 non

287 2253 352 2309 tam
371 2249 600 2308 vehementer.
645 2247 703 2309 Sal
717 2246 963 2328 Lunaburgicum
975 2247 1123 2308 debiliter
1142 2248 1314 2308 admodum
1333 2248 1433 2326 crepi-

287 2352 335 2410 tat
353 2365 411 2408 nec
436 2353 502 2408 tam
528 2349 629 2408 multa
653 2347 753 2426 copia.
796 2348 854 2410 Sal
875 2347 1023 2410 Hallanse
1044 2347 1219 2410 fortissime
1242 2350 1380 2427 crepitat
1402 2355 1435 2410 et

285 2450 415 2526 quidem
429 2449 609 2509 secundum
622 2448 879 2526 magnitudinem
891 2466 1063 2526 granorum
1078 2455 1111 2511 et
1123 2450 1290 2511 continue.
1336 2448 1433 2526 Quod

263 2567 367 2610 vvero
391 2551 530 2610 colorem
561 2549 681 2609 attinet
710 2551 741 2609 in
772 2550 841 2609 sale
873 2549 1033 2610 calcinato
1057 2552 1109 2610 vel
1142 2550 1356 2628 decrepitam,
1387 2553 1436 2613 sal

288 2649 493 2728 Hispanicum
510 2649 624 2710 dicitur
636 2651 751 2710 coloris
765 2651 880 2710 brunei
896 2649 985 2727 lieri;
1001 2653 1051 2712 sal
1060 2654 1229 2731 purgalum
1246 2652 1362 2711 brunei
1377 2652 1434 2712 sed

287 2751 326 2811 ad
343 2751 486 2828 g'riseum
511 2751 608 2810 etiam
637 2751 826 2828 vergentis;
855 2750 1100 2832 Lumburgicum
1124 2753 1262 2827 brunei;
1286 2751 1435 2815 Hallcnsa

287 2851 455 2912 albissimi.

327 2969 357 3027 4.
403 2950 462 3012 Par
475 2950 711 3013 calcinationcm
724 2958 779 3030 per
794 2969 822 3014 se
839 2953 909 3012 sive
922 2949 1150 3032 perfusionem.
1174 2951 1206 3014 Si
1219 2954 1305 3012 enim
1319 2953 1435 3014 funda·

287 3057 338 3113 tur
356 3053 402 3111 sal
421 3053 451 3111 in
469 3052 568 3129 tigillo
584 3051 723 3128 quodam
741 3069 797 3130 per
814 3056 945 3131 tempus
961 3053 982 3114 6
997 3054 1048 3113 vel
1066 3053 1084 3114 8
1100 3053 1265 3128 horarum,
1283 3058 1362 3114 tunc
1379 3071 1432 3114 ex·

286 3152 380 3230 periri
404 3153 489 3227 licet,
515 3170 590 3212 num
613 3153 740 3237 jactura
756 3135 905 3230 quaedam
937 3154 1013 3213 salis
1030 3153 1072 3214 sit
1088 3155 1140 3212 vel
1159 3172 1236 3229 non,
1261 3171 1324 3231 quo
1348 3155 1432 3215 enim

288 3254 389 3314 minor
418 3254 545 3331 Jactura
571 3258 603 3313 et
626 3253 762 3330 perditio
779 3270 817 3314 eo
835 3254 979 3316 melius⁸.
1025 3253 1105 3314 Hinc
1130 3255 1244 3314 dicitur
1269 3257 1354 3333 quod
1377 3255 1435 3318 Sal

285 3353 491 3432 Hispanicum
506 3353 642 3413 multum
655 3354 813 3429 amittat⁷,
829 3355 886 3414 sed
900 3372 963 3414 non
977 3361 1043 3414 tam
1059 3357 1195 3416 multum
1206 3356 1264 3418 Sal
1278 3356 1434 3418 Lumini-

282 3455 407 3535 gicum;
439 3454 545 3514 adhuc
570 3453 677 3514 minus
698 3453 756 3516 Sal
780 3457 958 3534 purgatum,
983 3462 1016 3514 et
1040 3456 1205 3516 minimam
1234 3457 1283 3516 sui
1308 3462 1432 3535 partem

287 3555 406 3615 amittit
420 3555 478 3617 Sal
493 3553 651 3617 Hailansa.

311 3637 314 3646 ’
330 3667 358 3732 5.
403 3653 462 3716 Par
475 3653 675 3736 adjectionem
687 3653 771 3715 alius
781 3655 920 3716 materia
935 3658 977 3716 ad
992 3659 1041 3718 sal
1054 3657 1244 3719 calcinalum
1257 3657 1433 3738 nalsusum.

177 3822 179 3828 ,
287 3755 330 3831 Si,
349 3755 490 3833 exempli
506 3754 620 3832 gratia,
640 3755 679 3814 ad
697 3756 715 3816 8
732 3756 883 3816 lotlrones
906 3756 984 3816 salis
1001 3774 1098 3844 super
1120 3757 1289 3836 adjiciatur
1310 3759 1434 3838 {lotha

286 3855 467 3935 salpetrae⁸‚
480 3860 558 3916 tunc
572 3855 682 3916 videre
696 3856 805 3916 statim
821 3857 896 3917 licet
910 3857 1049 3917 colorem
1063 3875 1159 3935 quem
1173 3858 1305 3920 ilamma
1318 3861 1369 3919 vel
1384 3858 1435 3920 iu-

287 3974 359 4017 mus
383 3956 530 4018 exhibet.
575 3956 633 4019 Sal
648 3947 861 4036 Hispanicum
877 3957 992 4018 dicitur
1016 3960 1163 4036 praebere
1187 3959 1351 4020 flammam
1381 3963 1433 4020 vel

286 4056 412 4118 furnum
432 4057 511 4134 nigri
533 4057 666 4133 coloris3
689 4057 747 4120 Sal
763 4059 931 4137 purgalum
957 4063 990 4118 et
1007 4058 1252 4140 lunaburgicum
1268 4060 1432 4121 flammam

285 4159 574 4233 coerulescentem;
590 4156 738 4219 Hallcnsa
749 4157 914 4219 flammam
927 4158 1178 4222 flavescentem.
1224 4158 1256 4222 Si
1269 4161 1342 4222 dein
1356 4162 1434 4240 adji-

285 4259 388 4319 ciatur
404 4258 575 4318 cochleare
596 4257 670 4331 olei,
693 4257 823 4340 homolja
839 4259 1004 4337 appellati,
1028 4264 1105 4320 tunc
1123 4262 1220 4322 etiam
1235 4262 1310 4323 inde
1324 4263 1433 4323 videre

286 4359 372 4435 licet,
391 4375 467 4418 num
486 4359 622 4418 multum
640 4358 834 4438 impuritatis
848 4361 900 4420 vel
915 4378 1027 4439 parum
1042 4362 1240 4440 suppeditet,
1255 4364 1389 4439 scilicet,
1407 4365 1433 4424 si

285 4464 375 4534 tunc,
390 4458 574 4537 adjectione
590 4459 690 4534 iacta,
708 4460 824 4520 iterum
839 4459 1007 4524 fundatur.
1044 4461 1089 4521 Ex
1103 4465 1163 4522 hac
1179 4464 1370 4542 probatione
1388 4466 1433 4525 vi-

285 4559 361 4622 dere
375 4559 462 4634 licet,
476 4558 561 4637 quod
574 4558 631 4622 Sal
641 4558 847 4638 Hispanicum
862 4563 982 4622 multas
994 4563 1211 4641 impuritates,
1224 4582 1335 4624 secum
1349 4565 1434 4627 ierat
