3442 5302
330 711 369 771 72
713 698 899 763 basau&
920 701 1137 768 connum

327 881 457 941 usitatis
474 880 556 940 velis
572 881 630 956 uti,
650 899 701 942 res
717 883 832 944 eadem
850 885 987 962 recidet,
1003 893 1039 949 ut
1054 889 1080 949 si
1097 895 1285 968 torqueatur
1310 910 1395 972 aqua
1420 911 1476 973 per

326 981 475 1041 canalem
493 981 686 1053 coriaceum,
710 987 743 1043 et
771 984 801 1045 vi
818 983 848 1044 in
866 984 1012 1063 frondes,
1041 989 1180 1068 stipites,
1213 991 1342 1071 aliaque
1371 992 1474 1054 divisa

326 1097 460 1159 corpora
476 1081 639 1157 trudatur,
657 1083 709 1143 vel
727 1083 758 1143 in
772 1083 970 1163 ipsissimum
983 1105 1092 1150 aerem
1106 1108 1236 1152 sursum
1251 1098 1416 1172 urgeatur,
1430 1094 1475 1154 sic

327 1186 439 1242 tamen
456 1186 492 1241 ul
508 1181 539 1241 in
556 1183 781 1261 pavimentum
805 1185 947 1263 ligneum
972 1189 1150 1266 relabatur,
1175 1193 1257 1253 adeo
1282 1198 1316 1254 ut
1346 1194 1475 1271 oblique

326 1282 357 1341 in
376 1283 582 1361 receptacula
599 1282 750 1361 subjecta
767 1284 903 1379 defluat.

404 2962 471 3039 fig:
490 2975 505 3038 3
523 2965 574 3021 est
592 2959 741 3020 machina
757 2960 851 3038 cujus
867 2978 928 3039 ope
947 2962 1075 3023 videtur
1092 2981 1177 3040 aqua
1195 2963 1356 3024 violenter
1371 2977 1467 3040 posse

319 3063 467 3141 dissipari
484 3068 517 3122 et
532 3060 642 3121 dividi.
689 3061 727 3135 Α,
759 3061 800 3120 sit
827 3065 1068 3141 receptaculum
1085 3081 1170 3142 aqua
1200 3063 1304 3124 salina
1321 3064 1465 3142 plenum.

322 3166 356 3239 E,
376 3163 595 3237 manubrium,
613 3161 662 3221 cui
679 3161 855 3238 adjunctus
871 3167 922 3223 est
937 3163 1106 3242 cylindrus
1121 3164 1263 3242 stipatus
1278 3163 1388 3224 multis
1399 3179 1467 3240 per·

319 3265 391 3326 ticis
408 3269 440 3325 et
457 3263 580 3324 bacillis
596 3263 637 3322 ab
654 3279 718 3322 una
731 3266 823 3340 parte
835 3263 979 3340 cavatis;
997 3264 1039 3338 bi,
1052 3265 1248 3324 circumacto
1261 3263 1421 3341 cylindro,
1435 3263 1465 3322 in

319 3366 391 3426 sino
407 3382 466 3426 suo
482 3380 565 3424 cavo
582 3362 739 3440 recipiunt
755 3379 871 3440 aquarn
889 3364 1009 3422 salsam
1028 3369 1061 3424 et
1077 3365 1162 3424 illam
1181 3364 1212 3424 in
1229 3369 1352 3424 tectum
1371 3363 1467 3423 bacil-

319 3467 356 3526 lis
372 3469 563 3526 contextum
580 3464 757 3541 eraculani,
784 3461 870 3521 unde
895 3464 1007 3524 recidit
1031 3482 1107 3542 pars
1133 3481 1227 3542 aquae
1253 3463 1411 3541 gravioris
1434 3463 1465 3523 in

317 3567 543 3646 pavimentum
560 3563 689 3640 oblique
705 3562 846 3641 positum
867 3562 947 3640 [D],
966 3569 1000 3625 et
1015 3565 1089 3625 inde
1107 3582 1218 3624 rursus
1233 3565 1264 3624 in
1278 3568 1465 3641 receptacu-

322 3669 386 3727 lum
405 3667 443 3726 Α.
