<?xml version="1.0" encoding="UTF-8"?>
<!DOCTYPE html PUBLIC "-//W3C//DTD XHTML 1.0 Transitional//EN"
    "http://www.w3.org/TR/xhtml1/DTD/xhtml1-transitional.dtd">
<html xmlns="http://www.w3.org/1999/xhtml" xml:lang="en" lang="en">
 <head>
  <title>
</title>
<meta http-equiv="Content-Type" content="text/html;charset=utf-8" />
  <meta name='ocr-system' content='tesseract 3.04.00' />
  <meta name='ocr-capabilities' content='ocr_page ocr_carea ocr_par ocr_line ocrx_word'/>
</head>
<body>
  <div class='ocr_page' id='page_1' title='image "./desalecommuniho00actogoog_0142.png"; bbox 0 0 3442 5302; ppageno 0'>
   <div class='ocr_carea' id='block_1_1' title="bbox 578 672 1419 746">
    <p class='ocr_par' dir='ltr' id='par_1_1' title="bbox 578 672 1419 746">
     <span class='ocr_line' id='line_1_1' title="bbox 578 672 1419 746; baseline 0 -12"><span class='ocrx_word' id='word_1_1' title='bbox 578 672 775 735; x_wconf 67' lang='lat' dir='ltr'><em>BALNEA</em></span> <span class='ocrx_word' id='word_1_2' title='bbox 802 673 1047 738; x_wconf 80' lang='lat' dir='ltr'><em>LUCENSIA</em></span> <span class='ocrx_word' id='word_1_3' title='bbox 1356 687 1419 746; x_wconf 84' lang='lat'>115.</span> 
     </span>
    </p>
   </div>
   <div class='ocr_carea' id='block_1_2' title="bbox 206 854 1459 2632">
    <p class='ocr_par' dir='ltr' id='par_1_2' title="bbox 206 854 1459 2632">
     <span class='ocr_line' id='line_1_2' title="bbox 211 854 1412 935; baseline 0.003 -17"><span class='ocrx_word' id='word_1_4' title='bbox 211 854 357 928; x_wconf 90' lang='lat' dir='ltr'>stillitat‚</span> <span class='ocrx_word' id='word_1_5' title='bbox 390 855 451 919; x_wconf 90' lang='lat' dir='ltr'>sed</span> <span class='ocrx_word' id='word_1_6' title='bbox 487 854 745 918; x_wconf 89' lang='lat' dir='ltr'>inobservatum</span> <span class='ocrx_word' id='word_1_7' title='bbox 783 855 925 933; x_wconf 87' lang='lat' dir='ltr'>lutoque</span> <span class='ocrx_word' id='word_1_8' title='bbox 962 856 1155 922; x_wconf 91' lang='lat' dir='ltr'>immixtum</span> <span class='ocrx_word' id='word_1_9' title='bbox 1193 857 1412 935; x_wconf 84' lang='lat' dir='ltr'><strong>dispergitur.</strong></span> 
     </span>
     <span class='ocr_line' id='line_1_3' title="bbox 206 954 1416 1035; baseline 0.001 -16"><span class='ocrx_word' id='word_1_10' title='bbox 206 955 335 1020; x_wconf 71' lang='lat' dir='ltr'>,Procul</span> <span class='ocrx_word' id='word_1_11' title='bbox 357 955 437 1018; x_wconf 91' lang='lat' dir='ltr'>inde</span> <span class='ocrx_word' id='word_1_12' title='bbox 460 955 579 1018; x_wconf 92' lang='lat' dir='ltr'>visitur</span> <span class='ocrx_word' id='word_1_13' title='bbox 602 954 699 1018; x_wconf 91' lang='lat' dir='ltr'>collis</span> <span class='ocrx_word' id='word_1_14' title='bbox 721 955 888 1030; x_wconf 71' lang='lat' dir='ltr'>cinereus</span> <span class='ocrx_word' id='word_1_15' title='bbox 908 955 965 1032; x_wconf 92' lang='lat' dir='ltr'>qui</span> <span class='ocrx_word' id='word_1_16' title='bbox 990 956 1144 1032; x_wconf 92' lang='lat' dir='ltr'>quolibet</span> <span class='ocrx_word' id='word_1_17' title='bbox 1161 978 1263 1034; x_wconf 93' lang='lat' dir='ltr'>anno,</span> <span class='ocrx_word' id='word_1_18' title='bbox 1283 979 1324 1020; x_wconf 90' lang='lat' dir='ltr'>ex</span> <span class='ocrx_word' id='word_1_19' title='bbox 1340 979 1416 1035; x_wconf 91' lang='lat' dir='ltr'>per·</span> 
     </span>
     <span class='ocr_line' id='line_1_4' title="bbox 211 1054 1414 1133; baseline 0.003 -15"><span class='ocrx_word' id='word_1_20' title='bbox 211 1055 324 1133; x_wconf 88' lang='lat' dir='ltr'>petuis</span> <span class='ocrx_word' id='word_1_21' title='bbox 346 1066 446 1119; x_wconf 88' lang='lat' dir='ltr'>terrae</span> <span class='ocrx_word' id='word_1_22' title='bbox 469 1055 576 1118; x_wconf 90' lang='lat' dir='ltr'>veluti</span> <span class='ocrx_word' id='word_1_23' title='bbox 598 1064 706 1119; x_wconf 87' lang='lat' dir='ltr'>coctae</span> <span class='ocrx_word' id='word_1_24' title='bbox 729 1077 770 1119; x_wconf 93' lang='lat' dir='ltr'>ac</span> <span class='ocrx_word' id='word_1_25' title='bbox 791 1054 941 1119; x_wconf 92' lang='lat' dir='ltr'>viscidae</span> <span class='ocrx_word' id='word_1_26' title='bbox 958 1057 1154 1130; x_wconf 78' lang='lat' dir='ltr'>vomitibus</span> <span class='ocrx_word' id='word_1_27' title='bbox 1173 1057 1208 1120; x_wconf 92' lang='lat' dir='ltr'>in</span> <span class='ocrx_word' id='word_1_28' title='bbox 1224 1057 1333 1122; x_wconf 92' lang='lat' dir='ltr'>altum</span> <span class='ocrx_word' id='word_1_29' title='bbox 1349 1058 1414 1122; x_wconf 89' lang='lat' dir='ltr'>sibi</span> 
     </span>
     <span class='ocr_line' id='line_1_5' title="bbox 212 1155 1411 1236; baseline 0.003 -18"><span class='ocrx_word' id='word_1_30' title='bbox 212 1155 277 1233; x_wconf 91' lang='lat' dir='ltr'>ipsi</span> <span class='ocrx_word' id='word_1_31' title='bbox 308 1156 420 1232; x_wconf 91' lang='lat' dir='ltr'>gravis</span> <span class='ocrx_word' id='word_1_32' title='bbox 449 1155 572 1219; x_wconf 88' lang='lat' dir='ltr'>crescit</span> <span class='ocrx_word' id='word_1_33' title='bbox 603 1165 636 1219; x_wconf 91' lang='lat' dir='ltr'>et</span> <span class='ocrx_word' id='word_1_34' title='bbox 667 1157 862 1231; x_wconf 88' lang='lat' dir='ltr'>extuberat;</span> <span class='ocrx_word' id='word_1_35' title='bbox 901 1178 961 1234; x_wconf 88' lang='lat' dir='ltr'>per</span> <span class='ocrx_word' id='word_1_36' title='bbox 991 1159 1010 1222; x_wconf 83' lang='lat'><strong>7</strong></span> <span class='ocrx_word' id='word_1_37' title='bbox 1039 1156 1164 1231; x_wconf 88' lang='lat' dir='ltr'>hiatus,</span> <span class='ocrx_word' id='word_1_38' title='bbox 1194 1159 1411 1236; x_wconf 70' lang='lat' dir='ltr'>conspicuos</span> 
     </span>
     <span class='ocr_line' id='line_1_6' title="bbox 212 1255 1415 1334; baseline 0.002 -15"><span class='ocrx_word' id='word_1_39' title='bbox 212 1255 320 1332; x_wconf 88' lang='lat' dir='ltr'>magis</span> <span class='ocrx_word' id='word_1_40' title='bbox 344 1265 378 1318; x_wconf 91' lang='lat' dir='ltr'>et</span> <span class='ocrx_word' id='word_1_41' title='bbox 402 1256 485 1318; x_wconf 88' lang='lat' dir='ltr'>satis</span> <span class='ocrx_word' id='word_1_42' title='bbox 508 1255 654 1333; x_wconf 70' lang='lat' dir='ltr'>amplos</span> <span class='ocrx_word' id='word_1_43' title='bbox 675 1264 756 1318; x_wconf 93' lang='lat' dir='ltr'>tunc</span> <span class='ocrx_word' id='word_1_44' title='bbox 780 1256 993 1333; x_wconf 82' lang='lat' dir='ltr'>praedictam</span> <span class='ocrx_word' id='word_1_45' title='bbox 1017 1256 1198 1322; x_wconf 82' lang='lat' dir='ltr'>materiam</span> <span class='ocrx_word' id='word_1_46' title='bbox 1221 1279 1300 1321; x_wconf 90' lang='lat' dir='ltr'>curn</span> <span class='ocrx_word' id='word_1_47' title='bbox 1323 1280 1415 1334; x_wconf 87' lang='lat' dir='ltr'>aqua</span> 
     </span>
     <span class='ocr_line' id='line_1_7' title="bbox 211 1355 1416 1432; baseline 0.002 -13"><span class='ocrx_word' id='word_1_48' title='bbox 211 1355 406 1431; x_wconf 88' lang='lat' dir='ltr'>salsuginea</span> <span class='ocrx_word' id='word_1_49' title='bbox 429 1355 621 1420; x_wconf 82' lang='lat' dir='ltr'>immixtam</span> <span class='ocrx_word' id='word_1_50' title='bbox 645 1363 793 1419; x_wconf 84' lang='lat' dir='ltr'>evomet.</span> <span class='ocrx_word' id='word_1_51' title='bbox 842 1357 891 1419; x_wconf 93' lang='lat' dir='ltr'>Os</span> <span class='ocrx_word' id='word_1_52' title='bbox 915 1357 1033 1432; x_wconf 76' lang='lat' dir='ltr'>majus</span> <span class='ocrx_word' id='word_1_53' title='bbox 1056 1356 1222 1420; x_wconf 91' lang='lat' dir='ltr'>continuo</span> <span class='ocrx_word' id='word_1_54' title='bbox 1246 1357 1416 1422; x_wconf 87' lang='lat' dir='ltr'>ebulliens</span> 
     </span>
     <span class='ocr_line' id='line_1_8' title="bbox 211 1454 1412 1533; baseline 0.001 -13"><span class='ocrx_word' id='word_1_55' title='bbox 211 1478 251 1520; x_wconf 91' lang='lat' dir='ltr'>ac</span> <span class='ocrx_word' id='word_1_56' title='bbox 275 1477 337 1533; x_wconf 94' lang='lat' dir='ltr'>per</span> <span class='ocrx_word' id='word_1_57' title='bbox 358 1454 540 1518; x_wconf 90' lang='lat' dir='ltr'>intervalla</span> <span class='ocrx_word' id='word_1_58' title='bbox 562 1476 639 1518; x_wconf 93' lang='lat' dir='ltr'>cum</span> <span class='ocrx_word' id='word_1_59' title='bbox 669 1456 840 1532; x_wconf 81' lang='lat' dir='ltr'>profundo</span> <span class='ocrx_word' id='word_1_60' title='bbox 863 1456 1010 1533; x_wconf 90' lang='lat' dir='ltr'>strepitu</span> <span class='ocrx_word' id='word_1_61' title='bbox 1033 1477 1202 1532; x_wconf 83' lang='lat' dir='ltr'>vaporum</span> <span class='ocrx_word' id='word_1_62' title='bbox 1230 1465 1288 1521; x_wconf 91' lang='lat' dir='ltr'>aut</span> <span class='ocrx_word' id='word_1_63' title='bbox 1315 1457 1412 1532; x_wconf 86' lang='lat' dir='ltr'>furni,</span> 
     </span>
     <span class='ocr_line' id='line_1_9' title="bbox 212 1554 1415 1636; baseline 0.002 -17"><span class='ocrx_word' id='word_1_64' title='bbox 212 1556 498 1632; x_wconf 88' lang='lat' dir='ltr'>flammarumque</span> <span class='ocrx_word' id='word_1_65' title='bbox 511 1554 698 1631; x_wconf 89' lang='lat' dir='ltr'>aliquando</span> <span class='ocrx_word' id='word_1_66' title='bbox 711 1555 845 1631; x_wconf 87' lang='lat' dir='ltr'>glomos</span> <span class='ocrx_word' id='word_1_67' title='bbox 857 1564 1027 1632; x_wconf 74' lang='lat' dir='ltr'>eructans</span> <span class='ocrx_word' id='word_1_68' title='bbox 1045 1556 1139 1633; x_wconf 87' lang='lat' dir='ltr'>putei</span> <span class='ocrx_word' id='word_1_69' title='bbox 1153 1556 1314 1620; x_wconf 91' lang='lat' dir='ltr'>ordinarii</span> <span class='ocrx_word' id='word_1_70' title='bbox 1328 1558 1415 1636; x_wconf 89' lang='lat' dir='ltr'>peri·</span> 
     </span>
     <span class='ocr_line' id='line_1_10' title="bbox 212 1654 1416 1734; baseline 0.003 -16"><span class='ocrx_word' id='word_1_71' title='bbox 212 1654 368 1733; x_wconf 91' lang='lat' dir='ltr'>pheriam</span> <span class='ocrx_word' id='word_1_72' title='bbox 399 1663 523 1732; x_wconf 86' lang='lat' dir='ltr'>aequat.</span> <span class='ocrx_word' id='word_1_73' title='bbox 573 1654 670 1718; x_wconf 91' lang='lat' dir='ltr'>Binis</span> <span class='ocrx_word' id='word_1_74' title='bbox 696 1676 714 1718; x_wconf 93' lang='lat' dir='ltr'>e</span> <span class='ocrx_word' id='word_1_75' title='bbox 741 1655 882 1719; x_wconf 91' lang='lat' dir='ltr'>sinubus</span> <span class='ocrx_word' id='word_1_76' title='bbox 909 1677 1008 1732; x_wconf 84' lang='lat' dir='ltr'>aquae</span> <span class='ocrx_word' id='word_1_77' title='bbox 1035 1655 1163 1720; x_wconf 91' lang='lat' dir='ltr'>rivulus</span> <span class='ocrx_word' id='word_1_78' title='bbox 1190 1657 1333 1734; x_wconf 85' lang='lat' dir='ltr'>prosilit,</span> <span class='ocrx_word' id='word_1_79' title='bbox 1360 1659 1416 1722; x_wconf 93' lang='lat' dir='ltr'>cui</span> 
     </span>
     <span class='ocr_line' id='line_1_11' title="bbox 212 1754 1417 1835; baseline 0.002 -16"><span class='ocrx_word' id='word_1_80' title='bbox 212 1764 317 1832; x_wconf 86' lang='lat' dir='ltr'>guttae</span> <span class='ocrx_word' id='word_1_81' title='bbox 342 1755 488 1832; x_wconf 91' lang='lat' dir='ltr'>petreoli</span> <span class='ocrx_word' id='word_1_82' title='bbox 511 1754 685 1830; x_wconf 83' lang='lat' dir='ltr'>nigerrimi</span> <span class='ocrx_word' id='word_1_83' title='bbox 709 1777 749 1818; x_wconf 86' lang='lat' dir='ltr'>ac</span> <span class='ocrx_word' id='word_1_84' title='bbox 765 1755 983 1835; x_wconf 84' lang='lat' dir='ltr'>foetidissimi</span> <span class='ocrx_word' id='word_1_85' title='bbox 999 1766 1237 1833; x_wconf 90' lang='lat' dir='ltr'>supernatant.</span> <span class='ocrx_word' id='word_1_86' title='bbox 1286 1759 1326 1821; x_wconf 90' lang='lat' dir='ltr'>ln</span> <span class='ocrx_word' id='word_1_87' title='bbox 1343 1758 1417 1834; x_wconf 88' lang='lat' dir='ltr'>qui-</span> 
     </span>
     <span class='ocr_line' id='line_1_12' title="bbox 210 1854 1416 1932; baseline 0.002 -12"><span class='ocrx_word' id='word_1_88' title='bbox 210 1856 355 1920; x_wconf 88' lang='lat' dir='ltr'>busdam</span> <span class='ocrx_word' id='word_1_89' title='bbox 381 1855 570 1932; x_wconf 75' lang='lat' dir='ltr'>spiraculis</span> <span class='ocrx_word' id='word_1_90' title='bbox 591 1854 648 1918; x_wconf 93' lang='lat' dir='ltr'>ubi</span> <span class='ocrx_word' id='word_1_91' title='bbox 674 1855 850 1926; x_wconf 84' lang='lat' dir='ltr'>viscosius,</span> <span class='ocrx_word' id='word_1_92' title='bbox 870 1877 933 1919; x_wconf 88' lang='lat' dir='ltr'>nec</span> <span class='ocrx_word' id='word_1_93' title='bbox 956 1857 1000 1919; x_wconf 88' lang='lat' dir='ltr'>ab</span> <span class='ocrx_word' id='word_1_94' title='bbox 1022 1877 1113 1932; x_wconf 89' lang='lat' dir='ltr'>aqua</span> <span class='ocrx_word' id='word_1_95' title='bbox 1137 1855 1304 1920; x_wconf 91' lang='lat' dir='ltr'>lubricum</span> <span class='ocrx_word' id='word_1_96' title='bbox 1327 1858 1416 1922; x_wconf 91' lang='lat' dir='ltr'>adeo</span> 
     </span>
     <span class='ocr_line' id='line_1_13' title="bbox 211 1954 1416 2035; baseline 0.002 -16"><span class='ocrx_word' id='word_1_97' title='bbox 211 1956 401 2019; x_wconf 89' lang='lat' dir='ltr'>extruditur</span> <span class='ocrx_word' id='word_1_98' title='bbox 422 1955 542 2027; x_wconf 88' lang='lat' dir='ltr'>lutum,</span> <span class='ocrx_word' id='word_1_99' title='bbox 563 1976 631 2018; x_wconf 88' lang='lat' dir='ltr'>non</span> <span class='ocrx_word' id='word_1_100' title='bbox 647 1955 812 2019; x_wconf 93' lang='lat' dir='ltr'>continuo</span> <span class='ocrx_word' id='word_1_101' title='bbox 829 1965 1000 2033; x_wconf 90' lang='lat' dir='ltr'>apparent</span> <span class='ocrx_word' id='word_1_102' title='bbox 1016 1954 1127 2029; x_wconf 90' lang='lat' dir='ltr'>bullae,</span> <span class='ocrx_word' id='word_1_103' title='bbox 1148 1958 1208 2020; x_wconf 91' lang='lat' dir='ltr'>sed</span> <span class='ocrx_word' id='word_1_104' title='bbox 1224 1979 1286 2035; x_wconf 90' lang='lat' dir='ltr'>per</span> <span class='ocrx_word' id='word_1_105' title='bbox 1301 1979 1416 2034; x_wconf 86' lang='lat' dir='ltr'>aequa-</span> 
     </span>
     <span class='ocr_line' id='line_1_14' title="bbox 210 2054 1415 2133; baseline 0.001 -14"><span class='ocrx_word' id='word_1_106' title='bbox 210 2056 255 2120; x_wconf 87' lang='lat' dir='ltr'>lia</span> <span class='ocrx_word' id='word_1_107' title='bbox 278 2065 476 2133; x_wconf 89' lang='lat' dir='ltr'>temporum</span> <span class='ocrx_word' id='word_1_108' title='bbox 498 2054 612 2131; x_wconf 91' lang='lat' dir='ltr'>spatia</span> <span class='ocrx_word' id='word_1_109' title='bbox 636 2063 810 2118; x_wconf 90' lang='lat' dir='ltr'>tumentes</span> <span class='ocrx_word' id='word_1_110' title='bbox 833 2055 1073 2132; x_wconf 91' lang='lat' dir='ltr'>exploduntur,</span> <span class='ocrx_word' id='word_1_111' title='bbox 1094 2064 1128 2119; x_wconf 90' lang='lat' dir='ltr'>et</span> <span class='ocrx_word' id='word_1_112' title='bbox 1152 2055 1255 2119; x_wconf 91' lang='lat' dir='ltr'>inhis</span> <span class='ocrx_word' id='word_1_113' title='bbox 1271 2057 1415 2121; x_wconf 91' lang='lat' dir='ltr'>visibilis</span> 
     </span>
     <span class='ocr_line' id='line_1_15' title="bbox 210 2153 1411 2232; baseline 0.002 -14"><span class='ocrx_word' id='word_1_114' title='bbox 210 2156 333 2230; x_wconf 78' lang='lat' dir='ltr'>fumuS,</span> <span class='ocrx_word' id='word_1_115' title='bbox 347 2164 384 2218; x_wconf 93' lang='lat' dir='ltr'>ut</span> <span class='ocrx_word' id='word_1_116' title='bbox 401 2166 434 2218; x_wconf 92' lang='lat' dir='ltr'>et</span> <span class='ocrx_word' id='word_1_117' title='bbox 448 2154 481 2216; x_wconf 92' lang='lat' dir='ltr'>in</span> <span class='ocrx_word' id='word_1_118' title='bbox 495 2153 664 2228; x_wconf 68' lang='lat' dir='ltr'>omnibus</span> <span class='ocrx_word' id='word_1_119' title='bbox 679 2164 848 2218; x_wconf 87' lang='lat' dir='ltr'>nocturno</span> <span class='ocrx_word' id='word_1_120' title='bbox 861 2163 1030 2232; x_wconf 89' lang='lat' dir='ltr'>tempore,</span> <span class='ocrx_word' id='word_1_121' title='bbox 1041 2176 1134 2232; x_wconf 88' lang='lat' dir='ltr'>saepe</span> <span class='ocrx_word' id='word_1_122' title='bbox 1145 2155 1249 2219; x_wconf 87' lang='lat' dir='ltr'>micat</span> <span class='ocrx_word' id='word_1_123' title='bbox 1261 2156 1411 2222; x_wconf 90' lang='lat' dir='ltr'>flamma.</span> 
     </span>
     <span class='ocr_line' id='line_1_16' title="bbox 211 2253 1413 2335; baseline 0.002 -17"><span class='ocrx_word' id='word_1_124' title='bbox 211 2257 336 2320; x_wconf 89' lang='lat' dir='ltr'>Parum</span> <span class='ocrx_word' id='word_1_125' title='bbox 363 2255 468 2318; x_wconf 91' lang='lat' dir='ltr'>distat</span> <span class='ocrx_word' id='word_1_126' title='bbox 494 2254 530 2316; x_wconf 95' lang='lat' dir='ltr'>in</span> <span class='ocrx_word' id='word_1_127' title='bbox 557 2253 655 2318; x_wconf 88' lang='lat' dir='ltr'>collis</span> <span class='ocrx_word' id='word_1_128' title='bbox 680 2255 789 2318; x_wconf 90' lang='lat' dir='ltr'>latere</span> <span class='ocrx_word' id='word_1_129' title='bbox 816 2256 893 2318; x_wconf 78' lang='lat' dir='ltr'>fons</span> <span class='ocrx_word' id='word_1_130' title='bbox 916 2277 1014 2331; x_wconf 86' lang='lat' dir='ltr'>aquae</span> <span class='ocrx_word' id='word_1_131' title='bbox 1038 2255 1199 2332; x_wconf 85' lang='lat' dir='ltr'>limpidae,</span> <span class='ocrx_word' id='word_1_132' title='bbox 1221 2279 1296 2334; x_wconf 90' lang='lat' dir='ltr'>quae</span> <span class='ocrx_word' id='word_1_133' title='bbox 1314 2258 1413 2335; x_wconf 91' lang='lat' dir='ltr'>quasi</span> 
     </span>
     <span class='ocr_line' id='line_1_17' title="bbox 209 2353 1459 2434; baseline 0.003 -16"><span class='ocrx_word' id='word_1_134' title='bbox 209 2364 378 2434; x_wconf 86' lang='lat' dir='ltr'>perpetuo</span> <span class='ocrx_word' id='word_1_135' title='bbox 397 2353 597 2431; x_wconf 89' lang='lat' dir='ltr'>suppositus</span> <span class='ocrx_word' id='word_1_136' title='bbox 613 2354 698 2420; x_wconf 88' lang='lat' dir='ltr'>latet</span> <span class='ocrx_word' id='word_1_137' title='bbox 714 2354 812 2430; x_wconf 88' lang='lat' dir='ltr'>ignis,</span> <span class='ocrx_word' id='word_1_138' title='bbox 832 2354 909 2418; x_wconf 90' lang='lat' dir='ltr'>ollae</span> <span class='ocrx_word' id='word_1_139' title='bbox 925 2354 1092 2431; x_wconf 89' lang='lat' dir='ltr'>adinstar;</span> <span class='ocrx_word' id='word_1_140' title='bbox 1115 2355 1281 2420; x_wconf 89' lang='lat' dir='ltr'>continuo</span> <span class='ocrx_word' id='word_1_141' title='bbox 1297 2357 1407 2434; x_wconf 87' lang='lat' dir='ltr'>bullit,</span> <span class='ocrx_word' id='word_1_142' title='bbox 1456 2413 1459 2422; x_wconf 79' lang='grc'>,</span> 
     </span>
     <span class='ocr_line' id='line_1_18' title="bbox 210 2453 1414 2534; baseline 0.002 -16"><span class='ocrx_word' id='word_1_143' title='bbox 210 2455 289 2520; x_wconf 90' lang='lat' dir='ltr'>licet</span> <span class='ocrx_word' id='word_1_144' title='bbox 319 2464 415 2519; x_wconf 89' lang='lat' dir='ltr'>tactu</span> <span class='ocrx_word' id='word_1_145' title='bbox 445 2453 688 2530; x_wconf 80' lang='lat' dir='ltr'>frigidiuscula.</span> <span class='ocrx_word' id='word_1_146' title='bbox 738 2454 806 2520; x_wconf 91' lang='lat' dir='ltr'>Ubi</span> <span class='ocrx_word' id='word_1_147' title='bbox 837 2476 906 2518; x_wconf 93' lang='lat' dir='ltr'>non</span> <span class='ocrx_word' id='word_1_148' title='bbox 936 2454 1010 2518; x_wconf 91' lang='lat' dir='ltr'>fluit</span> <span class='ocrx_word' id='word_1_149' title='bbox 1041 2477 1141 2532; x_wconf 90' lang='lat' dir='ltr'>aqua,</span> <span class='ocrx_word' id='word_1_150' title='bbox 1175 2458 1236 2520; x_wconf 91' lang='lat' dir='ltr'>sed</span> <span class='ocrx_word' id='word_1_151' title='bbox 1266 2459 1414 2534; x_wconf 86' lang='lat' dir='ltr'>rejectus</span> 
     </span>
     <span class='ocr_line' id='line_1_19' title="bbox 210 2553 1416 2632; baseline 0.002 -12"><span class='ocrx_word' id='word_1_152' title='bbox 210 2555 335 2620; x_wconf 90' lang='lat' dir='ltr'>arescit</span> <span class='ocrx_word' id='word_1_153' title='bbox 358 2555 469 2630; x_wconf 88' lang='lat' dir='ltr'>limus,</span> <span class='ocrx_word' id='word_1_154' title='bbox 489 2553 560 2617; x_wconf 88' lang='lat' dir='ltr'>sale</span> <span class='ocrx_word' id='word_1_155' title='bbox 577 2554 657 2618; x_wconf 92' lang='lat' dir='ltr'>albo</span> <span class='ocrx_word' id='word_1_156' title='bbox 674 2554 807 2617; x_wconf 90' lang='lat' dir='ltr'>marino</span> <span class='ocrx_word' id='word_1_157' title='bbox 823 2575 901 2618; x_wconf 92' lang='lat' dir='ltr'>cum</span> <span class='ocrx_word' id='word_1_158' title='bbox 917 2554 1019 2629; x_wconf 78' lang='lat' dir='ltr'>nitrO,</span> <span class='ocrx_word' id='word_1_159' title='bbox 1040 2565 1074 2618; x_wconf 92' lang='lat' dir='ltr'>et</span> <span class='ocrx_word' id='word_1_160' title='bbox 1090 2555 1162 2618; x_wconf 88' lang='lat' dir='ltr'>sale</span> <span class='ocrx_word' id='word_1_161' title='bbox 1180 2558 1331 2632; x_wconf 93' lang='lat' dir='ltr'>quodam</span> <span class='ocrx_word' id='word_1_162' title='bbox 1347 2557 1416 2622; x_wconf 91' lang='lat' dir='ltr'>cal-</span> 
     </span>
    </p>
   </div>
   <div class='ocr_carea' id='block_1_3' title="bbox 209 2639 1416 3034">
    <p class='ocr_par' dir='ltr' id='par_1_3' title="bbox 209 2639 1416 2934">
     <span class='ocr_line' id='line_1_20' title="bbox 209 2639 1412 2734; baseline 0.001 -14"><span class='ocrx_word' id='word_1_163' title='bbox 209 2656 301 2720; x_wconf 91' lang='lat' dir='ltr'>cario</span> <span class='ocrx_word' id='word_1_164' title='bbox 326 2655 481 2718; x_wconf 90' lang='lat' dir='ltr'>immixto</span> <span class='ocrx_word' id='word_1_165' title='bbox 506 2639 681 2719; x_wconf 86' lang='lat' dir='ltr'>florescit.¹</span> <span class='ocrx_word' id='word_1_166' title='bbox 712 2654 845 2730; x_wconf 90' lang='lat' dir='ltr'>Omnis,</span> <span class='ocrx_word' id='word_1_167' title='bbox 865 2677 941 2731; x_wconf 88' lang='lat' dir='ltr'>quae</span> <span class='ocrx_word' id='word_1_168' title='bbox 957 2664 1079 2726; x_wconf 84' lang='lat' dir='ltr'>scatet.</span> <span class='ocrx_word' id='word_1_169' title='bbox 1099 2677 1199 2732; x_wconf 87' lang='lat' dir='ltr'>aqua,</span> <span class='ocrx_word' id='word_1_170' title='bbox 1220 2655 1412 2734; x_wconf 88' lang='lat' dir='ltr'>lutumque,</span> 
     </span>
     <span class='ocr_line' id='line_1_21' title="bbox 209 2753 1416 2841; baseline 0.001 -20"><span class='ocrx_word' id='word_1_171' title='bbox 209 2779 313 2822; x_wconf 90' lang='lat' dir='ltr'>manu</span> <span class='ocrx_word' id='word_1_172' title='bbox 327 2755 450 2832; x_wconf 86' lang='lat' dir='ltr'>judice,</span> <span class='ocrx_word' id='word_1_173' title='bbox 466 2753 597 2820; x_wconf 91' lang='lat' dir='ltr'>nullum</span> <span class='ocrx_word' id='word_1_174' title='bbox 614 2754 764 2818; x_wconf 89' lang='lat' dir='ltr'>calorem</span> <span class='ocrx_word' id='word_1_175' title='bbox 781 2754 887 2831; x_wconf 80' lang='lat' dir='ltr'>fovet,</span> <span class='ocrx_word' id='word_1_176' title='bbox 903 2754 983 2819; x_wconf 89' lang='lat' dir='ltr'>licet</span> <span class='ocrx_word' id='word_1_177' title='bbox 999 2756 1043 2819; x_wconf 94' lang='lat' dir='ltr'>ad</span> <span class='ocrx_word' id='word_1_178' title='bbox 1058 2755 1195 2820; x_wconf 90' lang='lat' dir='ltr'>oculum</span> <span class='ocrx_word' id='word_1_179' title='bbox 1212 2766 1416 2841; x_wconf 85' lang='lat' dir='ltr'>utrumque,</span> 
     </span>
     <span class='ocr_line' id='line_1_22' title="bbox 211 2849 1063 2934; baseline -0.001 -14"><span class='ocrx_word' id='word_1_180' title='bbox 211 2849 382 2934; x_wconf 87' lang='lat' dir='ltr'>perpetuo</span> <span class='ocrx_word' id='word_1_181' title='bbox 399 2854 546 2918; x_wconf 88' lang='lat' dir='ltr'>bulliens</span> <span class='ocrx_word' id='word_1_182' title='bbox 562 2853 706 2918; x_wconf 73' lang='lat' dir='ltr'>fervoris</span> <span class='ocrx_word' id='word_1_183' title='bbox 722 2854 909 2930; x_wconf 87' lang='lat' dir='ltr'>imaginem</span> <span class='ocrx_word' id='word_1_184' title='bbox 926 2855 1063 2920; x_wconf 85' lang='lat' dir='ltr'>referat.</span> 
     </span>
    </p>

    <p class='ocr_par' dir='ltr' id='par_1_4' title="bbox 255 2956 1412 3034">
     <span class='ocr_line' id='line_1_23' title="bbox 255 2956 1412 3034; baseline 0.004 -16"><span class='ocrx_word' id='word_1_185' title='bbox 255 2957 380 3034; x_wconf 78' lang='lat' dir='ltr'>Quaroe</span> <span class='ocrx_word' id='word_1_186' title='bbox 415 2978 473 3018; x_wconf 83' lang='lat' dir='ltr'>seu</span> <span class='ocrx_word' id='word_1_187' title='bbox 510 2956 653 3030; x_wconf 82' lang='lat' dir='ltr'>aquarii</span> <span class='ocrx_word' id='word_1_188' title='bbox 689 2956 801 3018; x_wconf 82' lang='lat' dir='ltr'>balnei</span> <span class='ocrx_word' id='word_1_189' title='bbox 831 2956 979 3030; x_wconf 69' lang='lat' dir='ltr'>thermae,</span> <span class='ocrx_word' id='word_1_190' title='bbox 1011 2978 1053 3018; x_wconf 80' lang='lat' dir='ltr'>ex</span> <span class='ocrx_word' id='word_1_191' title='bbox 1082 2957 1157 3019; x_wconf 63' lang='lat' dir='ltr'>Dato</span> <span class='ocrx_word' id='word_1_192' title='bbox 1195 2958 1412 3023; x_wconf 81' lang='lat' dir='ltr'>Vallisnerz&#39;o.</span> 
     </span>
    </p>
   </div>
   <div class='ocr_carea' id='block_1_4' title="bbox 208 3054 1416 4436">
    <p class='ocr_par' dir='ltr' id='par_1_5' title="bbox 208 3054 1416 4436">
     <span class='ocr_line' id='line_1_24' title="bbox 211 3054 1414 3134; baseline 0.002 -14"><span class='ocrx_word' id='word_1_193' title='bbox 211 3059 318 3134; x_wconf 84' lang='lat' dir='ltr'>Aquae</span> <span class='ocrx_word' id='word_1_194' title='bbox 342 3065 440 3131; x_wconf 87' lang='lat' dir='ltr'>grata</span> <span class='ocrx_word' id='word_1_195' title='bbox 462 3054 634 3118; x_wconf 88' lang='lat' dir='ltr'>salsedine</span> <span class='ocrx_word' id='word_1_196' title='bbox 657 3069 736 3117; x_wconf 93' lang='lat' dir='ltr'>sunt</span> <span class='ocrx_word' id='word_1_197' title='bbox 759 3055 902 3128; x_wconf 83' lang='lat' dir='ltr'>affectae,</span> <span class='ocrx_word' id='word_1_198' title='bbox 923 3054 1174 3130; x_wconf 80' lang='lat' dir='ltr'>frigidiuseulae,</span> <span class='ocrx_word' id='word_1_199' title='bbox 1195 3078 1305 3134; x_wconf 90' lang='lat' dir='ltr'>pauco</span> <span class='ocrx_word' id='word_1_200' title='bbox 1321 3057 1414 3122; x_wconf 89' lang='lat' dir='ltr'>vola·</span> 
     </span>
     <span class='ocr_line' id='line_1_25' title="bbox 209 3147 1415 3234; baseline 0.002 -14"><span class='ocrx_word' id='word_1_201' title='bbox 209 3151 289 3220; x_wconf 90' lang='lat' dir='ltr'>tilis¹</span> <span class='ocrx_word' id='word_1_202' title='bbox 308 3147 480 3234; x_wconf 88' lang='lat' dir='ltr'>sulphuris</span> <span class='ocrx_word' id='word_1_203' title='bbox 499 3156 606 3218; x_wconf 91' lang='lat' dir='ltr'>odore</span> <span class='ocrx_word' id='word_1_204' title='bbox 630 3153 792 3232; x_wconf 89' lang='lat' dir='ltr'>praeditae,</span> <span class='ocrx_word' id='word_1_205' title='bbox 811 3154 927 3218; x_wconf 91' lang='lat' dir='ltr'>colore</span> <span class='ocrx_word' id='word_1_206' title='bbox 949 3155 1138 3233; x_wconf 88' lang='lat' dir='ltr'>pellucidae.</span> <span class='ocrx_word' id='word_1_207' title='bbox 1188 3158 1279 3220; x_wconf 92' lang='lat' dir='ltr'>Dum</span> <span class='ocrx_word' id='word_1_208' title='bbox 1296 3159 1340 3221; x_wconf 91' lang='lat' dir='ltr'>ab</span> <span class='ocrx_word' id='word_1_209' title='bbox 1355 3181 1415 3222; x_wconf 92' lang='lat' dir='ltr'>an-</span> 
     </span>
     <span class='ocr_line' id='line_1_26' title="bbox 210 3254 1414 3333; baseline 0.002 -13"><span class='ocrx_word' id='word_1_210' title='bbox 210 3257 330 3333; x_wconf 90' lang='lat' dir='ltr'>gustiis</span> <span class='ocrx_word' id='word_1_211' title='bbox 355 3277 516 3319; x_wconf 86' lang='lat' dir='ltr'>saxorum</span> <span class='ocrx_word' id='word_1_212' title='bbox 539 3254 701 3331; x_wconf 90' lang='lat' dir='ltr'>rimisque</span> <span class='ocrx_word' id='word_1_213' title='bbox 725 3255 875 3332; x_wconf 87' lang='lat' dir='ltr'>erumpit</span> <span class='ocrx_word' id='word_1_214' title='bbox 898 3276 998 3332; x_wconf 88' lang='lat' dir='ltr'>aqua,</span> <span class='ocrx_word' id='word_1_215' title='bbox 1019 3254 1130 3319; x_wconf 91' lang='lat' dir='ltr'>bullas</span> <span class='ocrx_word' id='word_1_216' title='bbox 1153 3277 1215 3333; x_wconf 92' lang='lat' dir='ltr'>per</span> <span class='ocrx_word' id='word_1_217' title='bbox 1230 3256 1414 3323; x_wconf 91' lang='lat' dir='ltr'>intervalla</span> 
     </span>
     <span class='ocr_line' id='line_1_27' title="bbox 209 3353 1414 3432; baseline 0.002 -12"><span class='ocrx_word' id='word_1_218' title='bbox 209 3356 315 3420; x_wconf 91' lang='lat' dir='ltr'>veluti</span> <span class='ocrx_word' id='word_1_219' title='bbox 338 3353 458 3420; x_wconf 87' lang='lat' dir='ltr'>aereas</span> <span class='ocrx_word' id='word_1_220' title='bbox 474 3363 616 3418; x_wconf 90' lang='lat' dir='ltr'>eructat.</span> <span class='ocrx_word' id='word_1_221' title='bbox 665 3355 792 3418; x_wconf 91' lang='lat' dir='ltr'>Fumat</span> <span class='ocrx_word' id='word_1_222' title='bbox 819 3354 969 3431; x_wconf 88' lang='lat' dir='ltr'>hyemali</span> <span class='ocrx_word' id='word_1_223' title='bbox 986 3364 1206 3432; x_wconf 84' lang='lat' dir='ltr'>tempestate,</span> <span class='ocrx_word' id='word_1_224' title='bbox 1226 3357 1345 3421; x_wconf 89' lang='lat' dir='ltr'>aestiva</span> <span class='ocrx_word' id='word_1_225' title='bbox 1362 3368 1414 3423; x_wconf 89' lang='lat' dir='ltr'>est</span> 
     </span>
     <span class='ocr_line' id='line_1_28' title="bbox 209 3453 1410 3532; baseline 0.003 -13"><span class='ocrx_word' id='word_1_226' title='bbox 209 3455 451 3532; x_wconf 81' lang='lat' dir='ltr'>frigidiuscula.</span> <span class='ocrx_word' id='word_1_227' title='bbox 501 3453 667 3518; x_wconf 89' lang='lat' dir='ltr'>Hacvice</span> <span class='ocrx_word' id='word_1_228' title='bbox 684 3475 836 3517; x_wconf 90' lang='lat' dir='ltr'>vermem</span> <span class='ocrx_word' id='word_1_229' title='bbox 859 3475 974 3518; x_wconf 89' lang='lat' dir='ltr'>rarum</span> <span class='ocrx_word' id='word_1_230' title='bbox 998 3454 1212 3531; x_wconf 88' lang='lat' dir='ltr'>praelongum</span> <span class='ocrx_word' id='word_1_231' title='bbox 1234 3457 1410 3524; x_wconf 89' lang='lat' dir='ltr'>viventem</span> 
     </span>
     <span class='ocr_line' id='line_1_29' title="bbox 208 3554 1411 3635; baseline 0.002 -17"><span class='ocrx_word' id='word_1_232' title='bbox 208 3555 464 3620; x_wconf 89' lang='lat' dir='ltr'>intestinalibus</span> <span class='ocrx_word' id='word_1_233' title='bbox 480 3554 605 3616; x_wconf 91' lang='lat' dir='ltr'>nostris</span> <span class='ocrx_word' id='word_1_234' title='bbox 620 3554 788 3617; x_wconf 91' lang='lat' dir='ltr'>teretibus</span> <span class='ocrx_word' id='word_1_235' title='bbox 805 3563 945 3618; x_wconf 90' lang='lat' dir='ltr'>externe</span> <span class='ocrx_word' id='word_1_236' title='bbox 961 3575 1030 3618; x_wconf 94' lang='lat' dir='ltr'>non</span> <span class='ocrx_word' id='word_1_237' title='bbox 1048 3555 1193 3619; x_wconf 90' lang='lat' dir='ltr'>multum</span> <span class='ocrx_word' id='word_1_238' title='bbox 1206 3557 1411 3635; x_wconf 89' lang='lat' dir='ltr'>absimilem,</span> 
     </span>
     <span class='ocr_line' id='line_1_30' title="bbox 209 3653 1415 3734; baseline 0.003 -14"><span class='ocrx_word' id='word_1_239' title='bbox 209 3655 254 3720; x_wconf 91' lang='lat' dir='ltr'>ibi</span> <span class='ocrx_word' id='word_1_240' title='bbox 282 3655 416 3734; x_wconf 90' lang='lat' dir='ltr'>placide</span> <span class='ocrx_word' id='word_1_241' title='bbox 442 3662 623 3719; x_wconf 92' lang='lat' dir='ltr'>natantem</span> <span class='ocrx_word' id='word_1_242' title='bbox 648 3653 792 3730; x_wconf 91' lang='lat' dir='ltr'>invenit;</span> <span class='ocrx_word' id='word_1_243' title='bbox 825 3656 1056 3718; x_wconf 87' lang='lat' dir='ltr'>subobscurus</span> <span class='ocrx_word' id='word_1_244' title='bbox 1079 3665 1162 3731; x_wconf 92' lang='lat' dir='ltr'>erat,</span> <span class='ocrx_word' id='word_1_245' title='bbox 1189 3656 1415 3732; x_wconf 87' lang='lat' dir='ltr'>longitudinis</span> 
     </span>
     <span class='ocr_line' id='line_1_31' title="bbox 209 3753 1413 3835; baseline 0.001 -15"><span class='ocrx_word' id='word_1_246' title='bbox 209 3756 402 3834; x_wconf 88' lang='lat' dir='ltr'>spithamae,</span> <span class='ocrx_word' id='word_1_247' title='bbox 428 3753 682 3827; x_wconf 79' lang='lat' dir='ltr'>crassiusculuS,</span> <span class='ocrx_word' id='word_1_248' title='bbox 708 3753 823 3831; x_wconf 88' lang='lat' dir='ltr'>capite</span> <span class='ocrx_word' id='word_1_249' title='bbox 845 3755 917 3817; x_wconf 81' lang='lat' dir='ltr'>fere</span> <span class='ocrx_word' id='word_1_250' title='bbox 941 3755 1121 3832; x_wconf 84' lang='lat' dir='ltr'>quadrato.</span> <span class='ocrx_word' id='word_1_251' title='bbox 1168 3759 1267 3833; x_wconf 86' lang='lat' dir='ltr'>Aqua</span> <span class='ocrx_word' id='word_1_252' title='bbox 1291 3780 1413 3835; x_wconf 91' lang='lat' dir='ltr'>parum</span> 
     </span>
     <span class='ocr_line' id='line_1_32' title="bbox 211 3854 1416 3933; baseline 0.002 -13"><span class='ocrx_word' id='word_1_253' title='bbox 211 3855 384 3933; x_wconf 89' lang='lat' dir='ltr'>sulphuris</span> <span class='ocrx_word' id='word_1_254' title='bbox 397 3854 477 3919; x_wconf 90' lang='lat' dir='ltr'>olet.</span> <span class='ocrx_word' id='word_1_255' title='bbox 526 3856 622 3917; x_wconf 92' lang='lat' dir='ltr'>Adeo</span> <span class='ocrx_word' id='word_1_256' title='bbox 635 3854 757 3918; x_wconf 82' lang='lat' dir='ltr'>faetens</span> <span class='ocrx_word' id='word_1_257' title='bbox 772 3854 946 3918; x_wconf 87' lang='lat' dir='ltr'>interdurn</span> <span class='ocrx_word' id='word_1_258' title='bbox 958 3854 1132 3933; x_wconf 91' lang='lat' dir='ltr'>sulphuris</span> <span class='ocrx_word' id='word_1_259' title='bbox 1145 3866 1206 3932; x_wconf 89' lang='lat' dir='ltr'>est,</span> <span class='ocrx_word' id='word_1_260' title='bbox 1223 3857 1416 3922; x_wconf 90' lang='lat' dir='ltr'>bituminis·</span> 
     </span>
     <span class='ocr_line' id='line_1_33' title="bbox 211 3953 1412 4033; baseline 0.003 -14"><span class='ocrx_word' id='word_1_261' title='bbox 211 3978 277 4033; x_wconf 91' lang='lat' dir='ltr'>que</span> <span class='ocrx_word' id='word_1_262' title='bbox 294 3964 570 4019; x_wconf 67' lang='lat' dir='ltr'>naturam‘acute</span> <span class='ocrx_word' id='word_1_263' title='bbox 582 3953 726 4030; x_wconf 88' lang='lat' dir='ltr'>redolet,</span> <span class='ocrx_word' id='word_1_264' title='bbox 742 3963 780 4017; x_wconf 92' lang='lat' dir='ltr'>ut</span> <span class='ocrx_word' id='word_1_265' title='bbox 795 3955 951 4018; x_wconf 91' lang='lat' dir='ltr'>nonnulli</span> <span class='ocrx_word' id='word_1_266' title='bbox 963 3956 1190 4033; x_wconf 91' lang='lat' dir='ltr'>camphoram</span> <span class='ocrx_word' id='word_1_267' title='bbox 1206 3957 1239 4018; x_wconf 93' lang='lat' dir='ltr'>in</span> <span class='ocrx_word' id='word_1_268' title='bbox 1256 3978 1318 4020; x_wconf 89' lang='lat' dir='ltr'>suo</span> <span class='ocrx_word' id='word_1_269' title='bbox 1334 3958 1412 4024; x_wconf 88' lang='lat' dir='ltr'>sinu</span> 
     </span>
     <span class='ocr_line' id='line_1_34' title="bbox 210 4053 1413 4132; baseline 0.002 -12"><span class='ocrx_word' id='word_1_270' title='bbox 210 4056 358 4120; x_wconf 88' lang='lat' dir='ltr'>condere</span> <span class='ocrx_word' id='word_1_271' title='bbox 384 4054 632 4117; x_wconf 87' lang='lat' dir='ltr'>existimarunt.</span> <span class='ocrx_word' id='word_1_272' title='bbox 682 4053 751 4117; x_wconf 88' lang='lat' dir='ltr'>Sed</span> <span class='ocrx_word' id='word_1_273' title='bbox 776 4075 883 4130; x_wconf 89' lang='lat' dir='ltr'>usque</span> <span class='ocrx_word' id='word_1_274' title='bbox 905 4064 1024 4120; x_wconf 88' lang='lat' dir='ltr'>tamen</span> <span class='ocrx_word' id='word_1_275' title='bbox 1047 4077 1137 4132; x_wconf 90' lang='lat' dir='ltr'>aqua</span> <span class='ocrx_word' id='word_1_276' title='bbox 1153 4055 1236 4129; x_wconf 76' lang='lat' dir='ltr'>haee,</span> <span class='ocrx_word' id='word_1_277' title='bbox 1257 4055 1337 4120; x_wconf 91' lang='lat' dir='ltr'>licet</span> <span class='ocrx_word' id='word_1_278' title='bbox 1354 4057 1413 4122; x_wconf 92' lang='lat' dir='ltr'>alii</span> 
     </span>
     <span class='ocr_line' id='line_1_35' title="bbox 211 4153 1412 4231; baseline 0.002 -11"><span class='ocrx_word' id='word_1_279' title='bbox 211 4155 461 4230; x_wconf 88' lang='lat' dir='ltr'>contradicant,</span> <span class='ocrx_word' id='word_1_280' title='bbox 489 4175 618 4227; x_wconf 88' lang='lat' dir='ltr'>revera,</span> <span class='ocrx_word' id='word_1_281' title='bbox 645 4161 770 4231; x_wconf 85' lang='lat' dir='ltr'>praeter</span> <span class='ocrx_word' id='word_1_282' title='bbox 793 4153 979 4231; x_wconf 88' lang='lat' dir='ltr'>sulphurea</span> <span class='ocrx_word' id='word_1_283' title='bbox 1007 4155 1163 4231; x_wconf 90' lang='lat' dir='ltr'>quaedam</span> <span class='ocrx_word' id='word_1_284' title='bbox 1189 4155 1412 4224; x_wconf 88' lang='lat' dir='ltr'>subtilissima</span> 
     </span>
     <span class='ocr_line' id='line_1_36' title="bbox 211 4253 1414 4333; baseline 0 -13"><span class='ocrx_word' id='word_1_285' title='bbox 211 4265 378 4332; x_wconf 87' lang='lat' dir='ltr'>ramenta,</span> <span class='ocrx_word' id='word_1_286' title='bbox 398 4254 482 4318; x_wconf 92' lang='lat' dir='ltr'>nihil</span> <span class='ocrx_word' id='word_1_287' title='bbox 505 4253 570 4317; x_wconf 91' lang='lat' dir='ltr'>nisi</span> <span class='ocrx_word' id='word_1_288' title='bbox 594 4255 660 4317; x_wconf 85' lang='lat' dir='ltr'>Sal</span> <span class='ocrx_word' id='word_1_289' title='bbox 671 4276 847 4328; x_wconf 81' lang='lat' dir='ltr'>commune,</span> <span class='ocrx_word' id='word_1_290' title='bbox 868 4256 1008 4331; x_wconf 84' lang='lat' dir='ltr'>nitrum,</span> <span class='ocrx_word' id='word_1_291' title='bbox 1029 4276 1150 4333; x_wconf 89' lang='lat' dir='ltr'>parum</span> <span class='ocrx_word' id='word_1_292' title='bbox 1165 4257 1253 4319; x_wconf 82' lang='lat' dir='ltr'>salis</span> <span class='ocrx_word' id='word_1_293' title='bbox 1268 4259 1414 4321; x_wconf 85' lang='lat' dir='ltr'>calcarz&#39;z&#39;</span> 
     </span>
     <span class='ocr_line' id='line_1_37' title="bbox 210 4352 1256 4436; baseline -0.001 -16"><span class='ocrx_word' id='word_1_294' title='bbox 210 4365 245 4420; x_wconf 91' lang='lat' dir='ltr'>et</span> <span class='ocrx_word' id='word_1_295' title='bbox 261 4355 495 4436; x_wconf 90' lang='lat' dir='ltr'>portiunculas</span> <span class='ocrx_word' id='word_1_296' title='bbox 511 4366 611 4418; x_wconf 74' lang='lat' dir='ltr'>terrra</span> <span class='ocrx_word' id='word_1_297' title='bbox 626 4353 680 4416; x_wconf 93' lang='lat' dir='ltr'>vel</span> <span class='ocrx_word' id='word_1_298' title='bbox 696 4355 777 4416; x_wconf 82' lang='lat' dir='ltr'>saxi</span> <span class='ocrx_word' id='word_1_299' title='bbox 791 4352 898 4417; x_wconf 91' lang='lat' dir='ltr'>veluti</span> <span class='ocrx_word' id='word_1_300' title='bbox 914 4356 1076 4418; x_wconf 84' lang='lat' dir='ltr'>calcz&#39;natz&#39;</span> <span class='ocrx_word' id='word_1_301' title='bbox 1090 4355 1256 4419; x_wconf 91' lang='lat' dir='ltr'>continet.</span> 
     </span>
    </p>
   </div>
   <div class='ocr_carea' id='block_1_5' title="bbox 0 0 1726 5302">
    <p class='ocr_par' dir='ltr' id='par_1_6' title="bbox 0 0 1726 5302">
     <span class='ocr_line' id='line_1_38' title="bbox 0 0 1726 5302; baseline 0 0"><span class='ocrx_word' id='word_1_302' title='bbox 0 0 1726 5302; x_wconf 95' lang='lat' dir='ltr'> </span> 
     </span>
    </p>
   </div>
  </div>
 </body>
</html>
