3442 5302
334 701 393 766 106
695 702 753 767 DE
773 701 881 767 SALE
903 701 1120 769 COMMUNI

329 904 412 965 quas
427 887 497 966 ipse
513 886 746 966 exploraverit,
765 904 801 948 se
818 887 881 948 duo
904 892 1032 950 tantum
1056 905 1179 967 genera
1207 889 1322 950 salium
1348 890 1483 951 adinve-
1562 871 1565 876 ¹

332 988 434 1063 nisse,
452 988 581 1059 nitrum,
599 988 734 1065 scilicet,
751 987 921 1050 calcarium
949 993 982 1050 et
1006 990 1056 1052 sol
1079 1007 1250 1061 commune,
1266 996 1300 1050 et
1315 994 1480 1051 terrenam

329 1089 458 1167 glebam
476 1089 650 1167 duplicem,
669 1089 799 1149 ochram
814 1094 847 1151 et
860 1089 999 1168 lapidem
1016 1089 1204 1151 calcarium.
1250 1089 1313 1151 Sed
1328 1090 1480 1168 quoniam

331 1190 445 1250 irarum
465 1189 738 1250 Ebsliamensium
756 1206 914 1266 aquarum
932 1190 1013 1250 libra
1030 1189 1155 1251 medica
1179 1207 1244 1251 non
1269 1191 1353 1251 ultra
1370 1190 1482 1251 drach·

331 1306 416 1350 mam
434 1289 596 1350 dimidiam
615 1289 693 1350 salis
709 1292 869 1369 praebeat,
886 1294 1013 1350 certum
1031 1290 1141 1368 utique
1155 1294 1217 1367 est,
1236 1291 1481 1368 [Ebsliamense

330 1390 395 1468 sal]
414 1390 499 1468 quod
516 1391 548 1450 in
565 1389 692 1468 magnis
709 1391 811 1466 vasis,
829 1390 926 1451 immo
942 1390 1047 1466 doliis,
1065 1407 1106 1450 ex
1135 1391 1251 1468 Anglia
1278 1391 1479 1470 adportatur,

330 1477 474 1574 etflcuju's
491 1473 572 1551 libra
589 1490 679 1553 virili
703 1491 825 1568 grossis
854 1491 957 1567 venit,
987 1507 1027 1551 ex
1054 1492 1152 1568 liujus
1178 1489 1280 1552 fontis
1303 1509 1388 1568 aqua
1416 1509 1479 1552 non

329 1590 518 1670 praeparari,
547 1589 605 1651 sed
621 1595 692 1651 arte
716 1588 840 1651 factum
858 1607 946 1652 esse.
994 1590 1034 1652 Et
1062 1596 1266 1670 praeparatur
1307 1591 1384 1652 illud
1415 1608 1479 1653 non

329 1691 424 1752 modo
440 1692 472 1752 in
490 1691 618 1769 Anglia,
636 1709 654 1751 a
671 1689 956 1769 famigeratissimo
972 1691 1125 1770 chymico
1143 1690 1349 1768 Hanclcwitz,
1367 1709 1408 1752 ex
1431 1710 1479 1752 re·

328 1793 421 1853 siduo
437 1810 455 1852 3
472 1791 630 1853 coctionis
646 1791 724 1852 salis
740 1792 922 1852 communis
939 1791 1062 1866 lixivio,
1090 1791 1147 1852 sed
1164 1796 1197 1852 et
1214 1792 1244 1851 in
1263 1790 1445 1853 Germania
1460 1810 1479 1852 a

328 1894 450 1954 celebri
467 1891 626 1972 Lipsiensi
641 1892 780 1971 physico
797 1897 830 1954 et
846 1892 982 1967 medico,
1006 1890 1224 1968 Lehmanno,¹
1241 1892 1272 1952 13
1298 1890 1478 1971 Thyringia

329 1993 447 2070 Sulzae,
466 1994 584 2054 eximia
610 1993 642 2054 iri
669 1994 854 2070 quantitate
882 1991 1065 2054 conficitur.
1093 1991 1226 2070 Neque
1252 1992 1385 2054 dubium
1413 1997 1476 2068 est,

327 2095 404 2171 quin
421 2095 638 2156 aluminosum
656 2093 818 2172 quoddam
836 2093 977 2167 acidum,
995 2109 1067 2152 cum
1084 2093 1224 2153 alcalina
1241 2093 1320 2152 salis
1335 2109 1478 2153 commu·

329 2196 379 2255 nis
395 2200 482 2256 terra
498 2195 726 2273 congrediens,
754 2194 785 2254 13
813 2195 874 2254 lioc
900 2193 1009 2253 lixivio
1025 2192 1244 2255 contineatur.
1291 2193 1476 2256 Notandum

327 2301 440 2356 tamen
472 2313 536 2357 non
561 2313 602 2356 ex
631 2295 784 2356 omnibus
815 2294 928 2354 salinis
957 2294 1024 2354 tale
1056 2294 1103 2353 sal
1131 2293 1271 2353 medium
1303 2293 1478 2372 praeparari

328 2414 436 2475 posse,
455 2398 495 2458 ob
513 2398 670 2457 rationem
688 2394 773 2473 quod
790 2395 925 2454 minerae
941 2394 1093 2454 aluminis
1109 2392 1140 2453 in
1165 2394 1325 2454 tractibus
1349 2394 1476 2454 subter-

247 2496 250 2501 ’
326 2497 446 2573 raneis,
464 2514 544 2574 quos
561 2498 693 2574 salsugo
716 2494 907 2575 perlabitur,
931 2492 1097 2556 deficiant.
1144 2493 1220 2554 llaec
1245 2491 1475 2556 Hoffmannus.

370 2598 459 2660 Alias
476 2601 674 2659 memoratur
691 2597 722 2657 13
739 2594 883 2658 Historia
898 2595 1081 2657 Academica
1095 2591 1199 2676 Regiae
1213 2595 1308 2676 Angl.
1321 2611 1378 2674 pro
1390 2612 1477 2655 anno

331 2701 421 2776 1718.
467 2698 566 2776 Quod
593 2699 639 2759 sal
667 2698 788 2758 dictum
818 2696 1032 2757 Ebsomiense
1060 2711 1267 2772 nequaquam
1294 2695 1371 2755 illud
1402 2712 1476 2756 esse

327 2817 435 2879 posse,
453 2800 538 2878 quod
556 2797 703 2860 Grevius
719 2798 750 2858 13
767 2801 924 2872 tractatu,
945 2796 1024 2872 1697
1039 2795 1139 2871 edito,
1167 2812 1208 2855 ex
1224 2812 1308 2872 aqua
1330 2794 1477 2856 minerali

328 2901 533 2962 Ebsomiensi
563 2900 738 2961 extrahere
768 2897 889 2968 docuit,
916 2913 988 2957 cuin
1018 2913 1082 2956 non
1111 2895 1170 2956 nisi
1195 2895 1257 2977 sl,
1282 2895 1477 2973 quantitatis

325 3019 420 3080 aquae
437 3002 511 3062 inde
527 3001 656 3062 extrahi
672 3000 786 3080 possit.
832 2996 975 3075 Quidam
992 2998 1023 3057 in
1041 2997 1113 3075 ejus
1135 2997 1406 3075 praeparationem
1431 2996 1476 3056 ln·

325 3104 471 3182 quiretis,
488 3103 622 3163 tandem
640 3098 1053 3179 multipliciexperimento
1068 3097 1189 3172 didicit,
1207 3097 1313 3176 ipsum
1341 3113 1381 3156 ex
1406 3098 1476 3156 alu-

328 3205 413 3264 mine
431 3208 464 3265 et
480 3204 552 3264 oleo
568 3202 681 3263 tartari
694 3217 751 3280 per
767 3200 943 3277 deliquium
960 3198 1081 3277 optime
1105 3197 1223 3277 parari,
1251 3214 1348 3274 quam
1376 3197 1473 3258 etiam

324 3305 550 3366 inventionem
568 3301 728 3382 reperisse
744 3318 780 3362 se
797 3300 873 3361 dicit
888 3299 973 3378 apud
991 3297 1100 3358 Diium
1130 3297 1384 3374 Hartmannum3
1401 3297 1474 3357 vide

325 3406 408 3467 Acta
423 3391 607 3483 Li'psicnsia,
623 3401 715 3464 Anni
733 3401 821 3477 1718,
841 3417 874 3480 p.
895 3398 943 3461 16.

368 3507 400 3566 ln
418 3503 722 3584 chrystallisatione
740 3502 813 3561 nitri
830 3506 981 3561 remanet
1007 3498 1175 3560 crassioris
1200 3497 1426 3558 consistentiae
1441 3502 1475 3558 et

323 3607 447 3686 saporis
463 3606 546 3666 acris
558 3603 660 3665 amari
674 3602 831 3677 lixivium,
844 3600 930 3679 quod
943 3597 1086 3661 artifices
1099 3603 1232 3674 vocant,
1248 3597 1472 3679 Mulierlaugr,

325 3728 365 3770 ex
382 3725 444 3785 quo
462 3705 645 3784 magnesia,
662 3719 736 3781 quae
753 3702 861 3781 pulvis
887 3706 1028 3776 terreus,
1056 3699 1197 3773 subtiliS,
1224 3699 1382 3759 candidus
1408 3703 1471 3774 est,

324 3808 505 3871 conficitur.
552 3805 624 3867 Non
641 3804 794 3879 diversae,
821 3801 878 3862 secl
895 3801 1043 3880 ejusdem
1060 3799 1129 3860 fere
1145 3815 1202 3878 per
1219 3799 1327 3859 omnia
1346 3803 1472 3860 naturae

322 3911 385 3973 est¹
402 3908 546 3970 lixivium
564 3906 653 3980 illud,
670 3904 756 3982 quod
773 3921 814 3964 ex
837 3903 950 3963 salinis
975 3918 993 3962 a
1016 3901 1165 3962 coctione
1188 3900 1265 3960 salis
1288 3899 1472 3960 communis

322 4015 353 4074 in
375 4011 482 4072 ferrea
506 4007 672 4084 sartagine
703 4008 864 4079 remanet,
890 4006 924 4062 et
946 4019 965 4062 a
988 4001 1066 4062 salis
1082 4000 1265 4062 coctoribus
1288 4000 1471 4079 appellatur

322 4108 545 4178 Muliersoole.⁸

366 4215 432 4275 iloc
449 4213 553 4290 ipsum
572 4205 680 4269 diflert
696 4225 715 4267 a
731 4205 894 4267 solutione
911 4203 989 4263 salis
1005 4201 1187 4263 communis
1203 4201 1234 4262 13
1252 4218 1302 4278 eo,
1319 4219 1383 4280 quo
1396 4219 1468 4263 con·

324 4316 415 4376 venit
433 4330 505 4373 cum
524 4310 633 4371 lixivio
652 4308 737 4382 nitri,
755 4305 840 4384 quod
866 4305 908 4364 sit
929 4305 1019 4364 aurei
1046 4303 1174 4379 coloris,
1202 4302 1371 4363 crassioris
1397 4319 1470 4363 con·

322 4415 496 4489 sistentiae,
524 4410 651 4490 saporis
678 4408 774 4468 valde
801 4406 885 4466 acris
913 4409 946 4465 et
972 4403 1086 4475 amari,
1113 4421 1150 4464 ac
1177 4404 1302 4463 ratione
1318 4404 1470 4482 ponderis
1513 4409 1515 4413 ’

321 4533 436 4600 grave;
459 4516 519 4576 hoc
537 4512 613 4573 nihil
630 4510 771 4592 amplius
787 4506 919 4570 dimittit
934 4505 1012 4566 salis
1028 4503 1224 4581 communis,
1247 4509 1281 4566 et
1301 4505 1471 4585 aegerrime
