3442 5302
264 687 321 745 15²

263 858 423 922 Cardona
439 857 474 920 in
491 856 683 922 Catalonia.

263 959 406 1022 Cattaro
422 957 456 1020 in
478 956 665 1022 Dalmatia.
715 1047 718 1052 Ι

262 1057 413 1134 Colberg
427 1057 462 1121 in
479 1057 730 1122 Pommerania.

161 1216 165 1225 .
262 1158 398 1221 Crakau
414 1157 449 1220 in
469 1157 622 1222 Polonia.

205 1319 207 1325 .
261 1257 420 1320 Cranack
435 1257 470 1320 in
487 1250 685 1333 Bamberg.¹

215 1357 218 1362 ’
261 1351 486 1433 Creutzburg²
501 1357 536 1421 in
552 1357 736 1421 Eisenach.

263 1457 386 1522 Dedits
402 1457 436 1520 in
453 1457 613 1521 Saxonia.

264 1557 405 1620 Detfort
420 1557 454 1620 in
472 1557 661 1632 Brunswig.
713 1550 715 1554 ’

261 1656 516 1734 Diedelkopfen
532 1653 567 1719 i1'1
582 1649 822 1734 Zweybruch.⁸

264 1750 390 1834 D6pel⁴
411 1756 445 1820 in
455 1755 641 1822 Bohemia.

263 1858 388 1920 Diiben
404 1856 439 1920 in
457 1855 607 1920 Missnia.

260 1959 356 2020 Dues
370 1956 405 2020 in
421 1950 730 2033 Wtirtemburgia.⁵

260 2056 431 2135 Epperies
447 2055 481 2119 in
498 2056 687 2133 Hungaria.

259 2157 441 2240 Erdeborn
456 2155 491 2220 in
509 2157 689 2221 Mansfeld.

259 2255 411 2321 Erlback
436 2255 471 2319 in
500 2250 636 2320 Misnia⁶
657 2266 691 2320 et
720 2257 833 2320 Bohe·

345 2349 438 2421 mia.⁷

260 2457 452 2520 Ermsdorf.

258 2555 551 2621 Franckenhause
567 2557 602 2620 in
615 2556 814 2633 Thuringia.

259 2657 440 2723 Gemiinde
456 2656 491 2720 in
508 2650 756 2721 Oesterreich.⁸

259 2749 543 2821 Giebchenstein⁹
557 2758 601 2821 ad
618 2756 730 2822 Halle.

260 2855 414 2920 Gironne
430 2857 465 2920 in
482 2856 675 2922 Catalonia.

260 2956 490 3033 Gothenburg
505 2957 540 3020 in
557 2957 689 3021 Svecia.

259 3050 497 3134 Gripswalde¹⁰
517 3057 552 3120 in
577 3058 828 3122 Pommerania.

259 3157 411 3220 Grossen
425 3156 541 3220 Saltza
553 3157 588 3221 in
606 3158 827 3234 Magdeburg.
853 3141 855 3167 ³

260 3255 382 3320 Halicz
398 3257 432 3320 in
449 3258 636 3322 Muscovia.

260 3356 363 3420 Halle
380 3357 414 3420 in
431 3358 592 3422 Saxonia.

260 3456 343 3520 Hall
359 3457 393 3520 in
411 3457 558 3521 Swabia.

259 3556 341 3621 Hall
358 3556 393 3620 in
408 3556 560 3634 Tyrolia.

259 3655 401 3722 Hallein
415 3657 450 3721 in
470 3656 662 3734 Saltzburg.

137 3797 138 3800 =
257 3756 436 3822 Hallstadt
452 3756 486 3820 in
504 3757 712 3823 Osterreieh.

258 3856 382 3921 Heisse
397 3857 432 3920 in
451 3856 678 3923 Hildesheim.

258 3956 518 4021 Heerschweitz
533 3957 567 4020 in
584 3957 764 4044 Bohemia.

258 4050 508 4134 Hayersdorf.¹¹

258 4156 378 4221 H6litz
393 4157 427 4220 in
445 4157 591 4222 Prussia.

258 4257 441 4333 Homburg
456 4257 489 4320 in
507 4256 643 4322 Hassia.

258 4356 349 4420 Hust
366 4356 400 4419 in
417 4356 642 4433 Siebenburg.

622 674 689 736 DE
713 674 839 737 SALE
863 673 1012 738 COMM
1016 674 1107 738 UNI

889 851 1099 936 Juliushall¹²
1114 858 1148 921 in
1165 857 1355 934 Brunswig.

891 955 1055 1033 Kisingen
1071 957 1106 1020 in
1128 958 1332 1023 Franconia.

891 1057 1067 1122 K6tschau
1083 1058 1117 1120 in
1134 1058 1294 1124 Saxonia.

890 1157 1071 1251 Linldenau
1087 1157 1121 1221 in
1138 1158 1319 1234 Hildburg.

890 1250 1048 1321 Lueder¹⁸
1064 1258 1097 1321 in
1115 1258 1214 1323 Fuld.

889 1359 1085 1434 Liineburg.

889 1459 1062 1522 Monsters
1078 1458 1112 1521 in
1130 1460 1255 1536 Savoy.

888 1552 1197 1623 Miinchkretzlitz¹⁴
1219 1557 1254 1621 in
1278 1558 1460 1622 Bohemia.

889 1658 1035 1721 Mfinder
1049 1658 1084 1722 in
1102 1658 1293 1734 Brunswig.

888 1757 1058 1821 Neuhelm
1091 1759 1135 1822 ad
1173 1759 1381 1824 Franckfort
1416 1759 1463 1824 ad

971 1851 1102 1922 Μειίη.16

887 1959 1057 2021 Neustadt
1073 1959 1118 2022 ad
1134 1960 1342 2034 Hartzburg.

887 2056 999 2121 Nidda
1016 2058 1050 2121 in
1069 2057 1204 2123 Hassia.

887 2156 1033 2220 Oldesto
1049 2157 1083 2221 in
1101 2157 1294 2222 Holstenia.

887 2256 1086 2334 Openburg.

888 2356 1016 2421 Plauen
1033 2358 1066 2421 in
1085 2358 1359 2434 Schwartzburg.

888 2458 1062 2534 Ramberg
1078 2458 1112 2521 in
1129 2458 1282 2523 Hassia.·

888 2557 1114 2622 Reichenha'll
1130 2558 1164 2621 in
1182 2560 1330 2636 Bayern.

887 2657 1054 2721 Rochelle
1070 2658 1104 2722 in
1124 2658 1248 2722 Gallia.

888 2759 1089 2834 Rotenberg
1104 2758 1138 2821 in
1156 2761 1320 2823 Miinster.

887 2858 1041 2921 Rotscha
1057 2857 1091 2921 in
1108 2857 1288 2922 SchweitZ.

886 2957 1008 3021 Rosier
1023 2957 1057 3022 in
1074 2952 1317 3035 Lothringia.¹⁶

887 3057 1005 3122 Salces
1021 3058 1054 3121 in
1073 3057 1196 3122 Gallia.

887 3157 1000 3222 Salins
1016 3158 1050 3221 in
1068 3158 1276 3233 Burgundia.

888 3257 977 3321 Salis
994 3258 1027 3320 in
1045 3259 1170 3335 Savoy.

888 3357 1004 3421 Saltza
1020 3358 1064 3421 ad
1081 3359 1289 3435 Hartzburg.

887 3456 1071 3533 saltzburg
1086 3457 1120 3521 in
1138 3459 1295 3524 Bavaria.

887 3557 1070 3634 Saltzburg
1085 3558 1119 3621 in
1135 3558 1371 3635 Lotharingia.

887 3651 1158 3722 Saltzhaiiffeln¹⁷
1181 3658 1215 3720 in
1241 3657 1456 3736 Grosslippe.
1562 3729 1566 3736 ,

888 3757 983 3821 Saltz
1014 3759 1075 3822 der
1099 3757 1236 3822 Helden
1263 3757 1297 3821 in
1331 3760 1460 3822 Bruns·
1542 3780 1546 3792 ·

970 3850 1072 3934 wig.¹⁸

886 3957 1107 4036 Saltzdipper
1121 3957 1155 4021 in
1173 3951 1426 4024 Hildesheim.¹⁹

886 4057 1089 4134 Saltzgitter
1105 4057 1139 4121 in
1157 4051 1411 4123 Hildesheim.¹⁹

886 4159 1225 4246 Sgltzhemmendorf
1234 4151 1255 4184 ²⁰
1280 4158 1314 4222 in
1344 4160 1460 4225 West·

971 4258 1097 4335 phalia.

886 4358 1094 4423 Saltzinsula
1110 4359 1144 4422 in
1155 4359 1284 4436 Africa.
