3524 5314
646 756 1143 828 racussArrnrnussrcr
1406 773 1444 844 23

336 950 429 1029 Apud
448 949 611 1011 Calabros
626 949 657 1009 in
682 950 751 1010 loco
773 949 827 1027 qui
845 950 941 1027 vulgo
964 949 1078 1010 dicitur
1097 949 1284 1010 altomonte
1307 950 1442 1011 caeditur

295 1051 341 1110 sal
364 1067 503 1129 gemmae
520 1050 614 1111 modo
636 1050 790 1128 lapidum,
814 1049 1034 1110 translucidus
1057 1055 1108 1111 est
1130 1051 1232 1110 instar
1254 1051 1445 1128 chrystalli3

295 1151 346 1211 bic
363 1152 393 1211 in
410 1152 518 1229 ignem
535 1151 716 1228 conjectus,
734 1153 853 1229 praeter
866 1154 1058 1210 caeterorum
1073 1155 1236 1227 naturam,
1251 1142 1366 1211 dicitur
1383 1169 1446 1212 non

295 1251 433 1312 dissilire
465 1269 524 1312 nec
554 1251 727 1329 crepitare,
759 1250 816 1311 sed
848 1255 883 1311 ut
910 1249 1030 1311 ierrum
1058 1251 1253 1328 ignescere,¹
1283 1256 1318 1312 ut
1346 1251 1447 1314 reiert

297 1350 442 1414 Caesius.
992 1345 995 1358 '

338 1452 369 1512 ln
389 1452 552 1531 AEtbiopia
568 1452 692 1512 cudunt
708 1456 858 1512 monetas
875 1469 916 1511 ex
939 1453 1007 1512 sale
1032 1452 1231 1530 longitudine
1258 1469 1269 1512 1
1296 1453 1387 1531 pedis
1411 1457 1445 1514 et

295 1553 442 1614 crassitie
468 1568 483 1630 3
507 1553 590 1631 digg.
614 1553 782 1630 quodlibet
805 1554 871 1612 tale
894 1553 1076 1613 aestimatur
1099 1568 1139 1614 20
1162 1554 1227 1613 sols
1250 1553 1280 1612 in
1307 1554 1447 1614 monetis

296 1653 442 1718 Gallicis.
492 1652 657 1730 Quaedam
689 1654 759 1714 loca
785 1653 816 1712 in
846 1651 938 1715 india
964 1658 1053 1728 sunt,
1084 1653 1137 1714 ubi
1165 1654 1263 1714 nullae
1293 1654 1448 1716 decidunt

294 1755 414 1833 pluviae
429 1755 481 1814 vel
499 1754 674 1828 rarissime,
692 1753 734 1814 ibi
752 1770 792 1813 ex
809 1754 877 1814 sale
895 1752 996 1814 fossili
1013 1754 1125 1814 domos
1142 1758 1329 1816 exstruunt.

337 1853 420 1915 Salis
444 1855 566 1930 acervi,
592 1854 644 1931 qui
670 1873 687 1914 a
712 1853 828 1914 Siculis
850 1870 949 1933 prope
975 1852 1166 1932 Drepanum
1190 1855 1444 1932 promontorium

295 1959 542 2030 construuntur,
554 1956 594 2015 ad
609 1966 643 2032 15
668 1972 772 2028 annos
783 1955 844 2014 sub
858 1954 908 2015 dio
930 1954 1059 2029 durant,
1071 1955 1125 2031 qul
1141 1961 1205 2014 tam
1217 1955 1272 2015 alti
1284 1955 1443 2030 existunt,

296 2060 332 2116 ut
342 2056 470 2116 collium
484 2056 626 2134 speciem
641 2054 796 2130 referant,
809 2060 842 2116 et
854 2056 931 2115 solis
943 2056 1104 2115 caloribus
1119 2055 1199 2115 adeo
1210 2055 1445 2131 obdurescunt,

296 2161 331 2216 ut
352 2156 510 2234 imbribus
528 2173 590 2216 non
609 2157 802 2233 liquescant,
821 2159 854 2215 et
870 2153 955 2216 ferro
972 2153 1142 2216 difficulter
1160 2155 1342 2232 caedantur,
1361 2154 1444 2216 reie-

297 2256 402 2317 rente²
434 2254 556 2317 Caesio.
614 2256 646 2316 ln
678 2256 833 2316 comitatu
867 2255 1012 2317 Brasiliae
1039 2255 1070 2316 in
1104 2256 1252 2316 America
1288 2257 1445 2336 reperitur

296 2357 482 2435 vegetabile
497 2357 671 2435 quoddam,
689 2357 720 2416 in
738 2357 832 2432 cujus
848 2355 943 2431 foliis,
961 2373 1033 2416 curn
1051 2357 1098 2417 sol
1123 2356 1276 2417 ardenter
1298 2357 1444 2433 calescit,

296 2457 462 2518 invenitur
478 2459 525 2518 sal
542 2457 734 2534 candidum;
762 2457 820 2517 sed
838 2457 987 2534 liquescit
1009 2456 1085 2517 illud
1102 2461 1249 2535 tempore
1273 2463 1444 2534 nocturno,

296 2575 376 2618 curn
401 2559 499 2620 etiam
532 2558 699 2619 humidum
731 2558 791 2634 sit;
823 2575 926 2635 usque
956 2562 1069 2618 tamen
1100 2559 1140 2618 ab
1172 2558 1285 2619 incolis
1313 2562 1443 2619 tantum

295 2658 435 2719 interdiu
452 2659 555 2737 colligi
571 2664 692 2737 potest,
707 2663 865 2735 quantum
880 2658 920 2719 ad
934 2675 1013 2720 usus
1025 2659 1243 2720 oeconomicos
1259 2659 1443 2735 requiritur.

297 2757 360 2820 Sed
377 2760 447 2819 baec
465 2776 507 2819 ex
523 2759 705 2820 autoribus.

853 2991 892 3054 X.

615 3174 759 3239 LACUS
783 3175 920 3240 SALlNl
945 3175 1123 3240 RUSSlCl.

337 3345 543 3422 Habetur'sal
561 3362 592 3422 in
610 3359 726 3424 Russia
740 3378 781 3421 ex
798 3362 934 3421 lacubus
947 3361 1141 3438 quibusdam
1155 3361 1186 3420 in
1200 3361 1341 3439 ipsamet
1357 3367 1444 3423 terra

294 3459 386 3522 frrma
405 3479 468 3522 non
485 3463 594 3540 procul
613 3480 631 3522 a
648 3462 741 3539 mari,
758 3465 836 3522 sunt
853 3463 943 3522 lacus
956 3461 1161 3522 Astracaniae
1177 3466 1211 3522 et
1227 3459 1370 3538 Sibenae,
1389 3463 1443 3523 ubi

224 3615 227 3620 ,
294 3566 441 3641 ternpore
454 3560 593 3638 aestatis,
608 3579 681 3622 cum
695 3562 925 3623 calidissimum
943 3567 994 3622 est
1010 3566 1043 3623 et
1058 3566 1241 3641 tempestas
1254 3562 1382 3638 idonea,
1397 3565 1444 3624 sal

296 3680 414 3724 versus
438 3661 641 3742 superficiem
667 3664 740 3742 ejus
766 3680 802 3723 se
825 3663 1052 3740 chrystallisat
1078 3647 1111 3724 et
1136 3663 1318 3725 concrescit
1342 3663 1444 3724 instar

295 3762 420 3843 glaciei,
439 3769 472 3824 et
487 3763 651 3824 interdum
668 3763 851 3825 crassitiem
865 3764 965 3825 trabit
977 3763 1116 3823 dimidiae
1133 3764 1219 3823 ulnae
1236 3764 1288 3823 vel
1309 3779 1321 3822 1
1340 3764 1443 3842 pediS,

295 3864 377 3925 adeo
394 3868 429 3924 ut
445 3881 543 3942 supra
566 3865 651 3924 banc
673 3869 817 3925 crustam
843 3863 980 3924 salinam
1004 3868 1161 3944 tanquam
1186 3880 1285 3942 super
1307 3863 1442 3942 glaciem

294 3969 365 4026 tuto
383 3965 479 4025 liceat
494 3966 663 4025 ambulare
680 3970 712 4026 et
728 3963 833 4025 frusta
851 3966 974 4043 majora
993 3965 1070 4025 salis
1087 3963 1161 4025 inde
1174 3964 1367 4025 exscindere
1381 3983 1444 4026 non

296 4067 388 4126 aliter
412 4083 508 4142 quarn
536 4063 641 4126 irusta
667 4065 793 4143 glaciei,
820 4065 954 4141 scilicet,
980 4083 1041 4144 ope
1071 4064 1356 4126 ferramentorum.
1412 4063 1444 4127 Si

296 4167 399 4245 stipes
430 4167 481 4226 vel
512 4165 601 4226 irons
627 4167 777 4243 quaedam
805 4167 929 4227 arboris
945 4167 975 4226 in
1004 4167 1108 4226 locum
1137 4166 1224 4226 illum
1253 4165 1442 4242 immitatur,

295 4268 559 4346 chrystallisatur
585 4269 631 4327 sal
658 4267 776 4327 circum
805 4268 888 4327 circa
915 4268 1017 4328 instar
1045 4265 1192 4327 sacchari
1216 4266 1267 4325 vel
1295 4265 1442 4329 victrioli.

298 4367 374 4428 Haec
401 4368 593 4428 incrustatio
620 4367 725 4428 salina
750 4366 786 4428 fit
810 4385 882 4428 cum
909 4373 1012 4428 aestus
1037 4371 1089 4428 est
1115 4366 1343 4442 calidissimus
1370 4367 1444 4428 inde

297 4459 472 4529 crassescit
502 4469 603 4545 magis
633 4474 665 4528 et
691 4469 804 4546 magiS,
831 4469 888 4528 sed
915 4473 950 4529 ut
974 4468 1110 4548 primum
1137 4467 1271 4528 advenit
1294 4467 1444 4546 pluviosa

297 4574 491 4650 tempestaS,
510 4569 659 4648 liquescit
675 4569 785 4630 statim
803 4575 837 4632 et
859 4570 890 4630 in
915 4586 1032 4648 aquam
1057 4569 1206 4630 solvitur.
1254 4567 1445 4646 Hujusmodi
