879 1327
138 169 168 184 1³4
318 166 352 182 DE
363 166 426 182 SALE
438 166 453 182 C
454 165 512 182 OMM
513 166 558 182 UNI

137 216 198 235 munis.
206 216 292 232 residuum
301 216 328 232 vel
336 218 388 236 eaput
396 218 483 232 mortuum
491 216 505 232 si
513 216 590 232 solvatur
597 216 615 232 in
623 221 668 235 aqua
676 216 737 235 calida,

111 238 113 240 ’
136 244 154 257 et
166 241 249 257 fulti-atum
261 241 403 261 chrystallisetur,
412 241 487 257 habetur
498 240 523 257 sal
535 240 637 257 admirabile
649 241 737 260 Glauberi,

136 266 231 283 secundum
244 266 339 286 praedicta:
355 266 443 285 chrystalli
457 272 496 285 quae
508 266 605 282 formamur
616 266 633 282 in
645 271 690 285 aqua
698 268 738 282 sunt

137 291 199 311 planae,
212 293 229 307 et
243 291 271 307 ubi
283 293 352 307 tenetur
364 291 462 307 victi-iulum
477 291 530 307 habet
542 292 552 307 6
565 291 645 310 parietes,
658 293 676 307 et
689 291 739 307 binas

136 316 236 336 superficies
248 316 309 336 planas
321 318 338 332 et
350 316 392 332 satis
402 316 475 336 amplas,
485 320 503 332 ut
515 318 532 332 et
540 316 590 332 binas
597 316 648 332 valde
655 318 738 335 angustas

136 341 159 357 ad
177 341 236 358 latera.
268 341 310 357 Haec
328 342 429 360 Anonymus
444 341 505 357 Gallus
519 341 536 357 in
551 341 633 357 Nouveau
649 340 704 357 Cours
718 341 739 357 de

138 366 214 386 Chymi'e.

158 391 178 407 In
190 391 275 411 Epperies
287 391 304 407 in
315 391 378 408 fodinis
389 391 449 407 salinis
457 391 522 407 eruitur
528 391 559 409 sal.
569 391 616 410 quod
623 391 655 407 flos
663 391 703 407 salis
711 391 738 407 vel

137 416 253 432 Saltz-bluthe
265 418 341 435 vocatur.
351 416 414 433 eoloris
424 416 521 435 albicantis.
531 416 598 436 saporis
606 418 657 435 prout
665 416 690 432 sal
698 416 739 432 culi-

136 446 183 459 nare.
193 441 316 457 consistentiae
324 442 377 458 durae
384 441 415 457 sed
422 446 477 461 nsque
482 441 561 460 friabilis:
568 443 638 457 constat
646 441 739 457 filamentis

136 466 228 482 subtilibus
235 466 266 482 sed
273 466 331 485 curtis,
340 466 426 486 aliquibus
434 466 487 482 etiam
495 466 602 485 longioribus
609 468 692 485 tauquam
701 466 738 486 plu-

136 491 183 507 ribus
190 491 223 507 filis
231 494 276 507 esset
284 493 390 511 contextum,
398 492 457 507 subter
463 493 503 507 sunt
509 491 561 507 striae
567 491 666 510 obliqualae
674 493 691 507 et
699 496 739 507 acu-

136 516 198 535 leatae,
208 516 244 532 sive
251 516 345 533 secundum
357 517 429 535 figuram
440 516 547 536 appositam;
561 516 647 535 reperitur
658 516 697 532 talis
705 516 738 532 flos

136 737 195 753 multis
202 737 219 753 in
228 737 269 753 locis
281 736 350 752 fodinae
358 737 388 752 sed
396 736 413 752 in
422 736 464 752 locis
475 739 493 752 et
501 736 579 752 cavernis
590 737 736 756 profundioribus.

135 762 237 781 praesertim
243 761 261 777 in
267 761 326 778 fodina
333 767 377 781 quae
384 761 468 777 Schowar
473 763 550 777 vocatur.
569 761 617 778 Alias
622 762 685 778 dicitur
691 762 738 781 quod

135 792 189 806 genus
200 786 233 803 hoe
244 786 285 803 salis
296 787 318 802 sit
326 786 442 806 purissimum,
452 788 469 802 et
477 786 562 806 repexitur
569 786 587 802 in
595 787 658 803 fodinis
665 787 738 803 vetustis

134 812 216 831 collapsis
223 812 245 828 ad
254 811 334 831 parietes.
355 811 434 831 Agricola
443 811 519 831 loquitur
526 812 548 828 de
555 811 597 828 flore
605 812 650 830 salis.
661 812 707 831 quod
715 812 737 828 sit

134 839 218 856 tanquam
230 836 294 855 favilla,
304 836 420 856 tenuissimus.
430 836 527 852 levissimus
538 839 591 856 atque
598 837 737 857 candidissimus;

135 862 241 882 propullulat
253 867 274 878 ex
286 861 381 881 parietibus
393 861 451 881 lapide
464 861 525 878 scissili
535 862 661 881 constantibus,
671 862 737 878 scilicet

135 892 155 903 ex
169 887 216 906 poris
229 887 296 906 lapidis,
306 887 380 906 primum
394 886 449 902 instar
461 886 529 906 frigoris
541 892 562 902 ex
575 887 670 906 parietibus
681 892 738 903 eruin-

135 912 197 931 pentis,
207 912 238 928 sed
250 912 334 931 temporis
347 914 403 928 tractu
417 912 434 927 in
448 912 522 931 majores
533 912 598 928 formas
609 912 692 928 accrescit
700 914 738 928 tan-

134 937 174 953 dem
187 937 204 953 in
217 937 313 953 crassitiem
326 936 372 953 dorsi
385 936 442 956 cultri;
458 938 516 956 potest
530 936 582 953 etiam
594 937 611 953 in
623 937 673 953 strias
684 937 738 953 subti-

133 962 186 978 liores
196 962 256 978 dividi:
268 967 303 978 non
312 961 363 978 facile
373 961 458 981 obliquari
468 961 523 981 digito
534 964 598 981 potest,
611 962 653 981 quin
664 962 737 978 dissiliat

133 987 188 1003 instar
202 987 247 1003 vitri.
271 987 328 1006 Super
342 987 426 1003 carbones
439 992 474 1003 non
487 987 567 1006 crepitat?
582 992 615 1003 nec
627 987 657 1003 dat
671 987 737 1003 fumum

134 1012 189 1028 multo
200 1012 332 1028 observabilem.
356 1012 376 1028 1n
389 1010 405 1030 ½
419 1012 469 1028 uncia
481 1017 537 1031 aquae
548 1012 645 1028 communis
652 1012 677 1028 sal
686 1012 737 1032 hujus

133 1037 203 1053 fodinae
218 1038 227 1053 1
242 1037 335 1053 drachmae
350 1037 393 1053 solvi
408 1039 472 1056 potest,
485 1037 516 1053 sed
530 1037 548 1053 in
561 1037 622 1053 eadem
636 1037 736 1056 quantitate

133 1068 189 1082 aquae
201 1068 236 1078 non
250 1062 288 1082 plus
301 1067 353 1081 quam
367 1063 375 1078 1
389 1062 479 1081 scrupulus
492 1062 542 1082 hujus
555 1062 602 1078 floris
616 1062 672 1081 potuit
684 1062 733 1078 solvi.

133 1087 175 1103 Flos
189 1087 218 1104 hic
232 1087 351 1103 mentionatus
365 1092 397 1103 nec
411 1087 499 1103 albei-atur
513 1092 523 1103 a
538 1087 596 1103 calore
611 1092 643 1103 nec
657 1087 680 1103 ab
694 1092 735 1103 aere
