3524 5314
321 735 341 796 6
682 736 740 800 DE
760 737 868 801 SALE
889 737 1104 802 COMMUNI

364 917 463 997 Quod
480 937 555 999 ergo
568 922 704 1000 primum
719 921 980 998 attinet,scilioet
996 924 1022 984 si
1033 924 1078 984 ita
1091 925 1173 986 velis
1187 925 1330 986 dividere
1347 926 1469 987 instru-

323 1025 470 1081 mentum
487 1025 523 1082 ut
538 1022 623 1082 scias
635 1023 852 1099 quantitatem
866 1039 961 1100 aquae
977 1024 1081 1084 dulcis
1092 1030 1125 1085 et
1136 1025 1230 1086 simul
1247 1027 1468 1103 quantitatem

323 1120 401 1182 salis
414 1121 445 1182 in
458 1122 511 1183 illa
521 1129 612 1199 'aqua
628 1122 786 1198 contenti,
801 1128 878 1183 tunc
892 1123 1044 1185 demitte¹
1058 1129 1150 1186 tuum
1164 1125 1420 1188 instrumentum
1437 1128 1469 1188 in

322 1238 439 1299 aquam
453 1222 592 1300 aliquam
618 1223 758 1299 dulcem,
783 1228 817 1284 et
841 1228 918 1284 nota
934 1242 990 1302 per
1011 1226 1129 1286 lineam
1153 1227 1204 1286 vel
1222 1228 1468 1305 punctationem

322 1322 485 1400 quandam
495 1323 678 1384 locumsive
690 1323 743 1383 ubi
753 1323 957 1402 tangiturvel
967 1325 1088 1386 raditur
1099 1324 1288 1404 superficies
1301 1344 1407 1404 aquae,
1422 1333 1468 1403 ut,

323 1422 464 1501 exempli
475 1423 590 1500 gratia,
604 1423 635 1482 in
653 1439 680 1498 1,
695 1423 758 1501 Fig.
775 1424 799 1484 A
812 1444 820 1501 ;
833 1429 911 1485 tunc
924 1425 1009 1486 nosti
1020 1442 1098 1502 cum
1110 1426 1365 1488 instrumentum
1377 1433 1468 1489 tuum

323 1522 463 1584 subsidit
473 1516 576 1600 usque
589 1523 628 1585 ad
645 1539 671 1598 1,
689 1523 773 1601 quod
785 1541 869 1602 aqua
880 1525 976 1604 plane
989 1525 1091 1587 dulcis
1101 1526 1153 1587 sit.
1181 1526 1326 1588 Pondera
1339 1544 1468 1605 aquam,

324 1623 376 1685 vel
394 1639 487 1684 sume
503 1639 643 1700 unam,2
661 1624 712 1684 vel
732 1639 747 1701 3
765 1624 875 1700 libras,
890 1630 984 1704 prout
1000 1626 1093 1702 velis,
1109 1627 1178 1704 sed,
1197 1627 1339 1706 exempli
1354 1629 1468 1706 gratia,

324 1739 418 1785 sume
435 1740 534 1784 unam
551 1723 678 1800 libram,
696 1721 799 1802 adjice
815 1725 847 1785 in
872 1726 1010 1787 eandem
1027 1743 1144 1804 aquam
1166 1743 1177 1787 1
1197 1729 1362 1790 lothonem
1380 1730 1469 1805 saliS,

325 1828 358 1885 et
373 1825 404 1885 in
421 1840 539 1902 aquam
556 1825 642 1885 illam
660 1840 716 1903 per
736 1840 748 1885 1
767 1825 932 1886 lothonem
950 1827 1104 1889 salsatam
1122 1827 1258 1889 demitte
1274 1829 1471 1890 instrumen-

324 1929 392 1986 tum
409 1928 515 2000 tuum,
533 1929 567 1986 et
590 1928 666 1986 nota
682 1941 794 1986 rursus
818 1927 922 1986 locum
940 1925 992 1988 ubi
1016 1927 1170 1988 raditura
1194 1928 1365 2008 superficie
1387 1930 1471 1990 iilius

325 2019 431 2103 aquae',
448 2025 502 2104 qui
514 2025 557 2086 sit
572 2025 603 2086 in
615 2025 701 2085 linea
718 2031 831 2087 notata
848 2044 920 2086 cum
938 2041 975 2104 23
992 2034 1069 2089 tunc
1086 2029 1213 2105 signum
1231 2033 1294 2106 est,
1313 2031 1470 2090 cumsub·

324 2125 399 2187 sidit
413 2126 668 2187 instrumentum
685 2126 725 2186 ad
743 2126 860 2188 lineam
878 2142 907 2198 2,
924 2127 1008 2205 quod
1022 2128 1063 2189 sit
1083 2144 1095 2189 1
1114 2128 1194 2189 libra
1212 2146 1307 2207 aquae
1324 2130 1401 2190 etin
1418 2131 1471 2191 illa

328 2226 449 2288 rlotho
472 2226 558 2288 salis.
602 2224 635 2288 Si
651 2225 776 2304 injicias
792 2227 991 2304 4·lotlrones,
1016 2233 1049 2289 et
1072 2230 1244 2290 solvantur
1268 2230 1311 2291 illi
1334 2231 1423 2306 inibi,
1437 2237 1471 2292 et

325 2326 357 2387 in
370 2327 563 2388 solutionem
574 2326 730 2388 demittas
742 2327 1010 2404 instrumentum,
1022 2329 1107 2407 quod
1120 2330 1259 2391 subsidit
1272 2349 1375 2409 usque
1386 2332 1426 2392 ad
1438 2348 1469 2408 4,

325 2432 404 2489 tunc
420 2427 546 2506 signum
564 2432 627 2504 est,
644 2427 729 2505 quod
746 2444 830 2506 aqua
846 2430 944 2500 salsa,
970 2429 1002 2490 in
1025 2446 1089 2507 qua
1113 2429 1252 2492 subsidit
1274 2432 1471 2493 instrumen-

325 2533 393 2590 tum
407 2529 446 2589 ad
464 2529 582 2590 lineam
607 2546 679 2590 cum
706 2545 840 2590 numero
863 2546 882 2606 4
905 2534 1065 2606 notatam,
1090 2531 1256 2610 possideat
1278 2548 1298 2608 4
1320 2532 1471 2594 lothones

325 2630 414 2706 salis,
433 2630 505 2691 sive
520 2629 605 2707 quod
622 2646 707 2708 aqua
723 2629 800 2691 inibi
816 2630 857 2690 sit
876 2645 912 2707 32
930 2631 1111 2708 lothonum,
1137 2637 1170 2693 et
1186 2633 1232 2693 sal
1252 2633 1469 2709 4lothorrum.

325 2729 388 2793 Sed
401 2731 452 2792 hic
468 2730 711 2792 observandum
729 2735 791 2806 est,
809 2731 894 2808 quod
908 2747 963 2810 per
980 2733 1078 2792 talem
1096 2733 1287 2794 divisionem
1307 2750 1370 2795 non
1387 2733 1472 2794 scias

325 2836 483 2910 quantum
500 2831 579 2893 salis
595 2832 764 2893 contineat
780 2849 846 2892 una
858 2833 938 2892 libra
951 2849 1046 2910 aquae
1063 2833 1121 2895 nisi
1138 2851 1193 2913 per
1210 2836 1383 2910 calculum3
1397 2851 1469 2894 cum

326 2933 412 2994 enim
429 2949 514 3010 aqua
530 2933 572 2992 sit
589 2946 625 3009 32
643 2932 825 3008 lotlronum,
844 2937 878 2993 et
893 2934 940 2993 sal
957 2949 977 3009 4
993 2933 1174 3009 lothonum,
1192 2934 1266 2995 irinc
1290 2935 1364 2995 talis
1387 2952 1471 3012 aqua

326 3033 378 3094 vel
395 3033 470 3094 talis
486 3032 603 3093 solutio
629 3031 870 3110 3610tlronum,
894 3033 1039 3113 possidet
1060 3050 1080 3110 4
1103 3035 1253 3095 lothones
1276 3035 1353 3095 salis
1377 3041 1410 3096 et
1434 3051 1471 3113 32

326 3150 433 3211 aquae,
447 3134 521 3194 hinc
538 3133 648 3194 statim
665 3133 747 3193 scire
765 3133 841 3194 licet
856 3139 1014 3210 quantum
1032 3135 1109 3194 salis
1126 3135 1292 3214 possideat
1309 3153 1374 3196 una
1391 3136 1471 3196 libra

325 3235 399 3296 talis
425 3233 606 3306 solutionis,
638 3234 761 3295 scilicet
784 3249 839 3314 per
864 3236 1007 3311 regulam
1037 3235 1156 3295 nudam
1180 3236 1408 3314 proportionis,
1434 3242 1469 3297 ut

329 3336 367 3414 36
385 3355 392 3399 :
410 3352 429 3412 4
447 3355 473 3398 :r
493 3350 530 3413 32
550 3354 557 3397 :
576 3334 635 3414 3&
651 3335 725 3396 hinc
743 3352 816 3395 curn
834 3336 972 3397 subsidit
989 3335 1243 3398 instrumentum
1261 3337 1301 3397 ad
1315 3343 1424 3398 notam
1438 3353 1469 3414 4,

326 3435 488 3515 significat
504 3453 570 3497 rron
586 3441 714 3497 tantum
732 3436 816 3514 quod
833 3433 864 3497 i'n
888 3437 1052 3498 solutione
1068 3421 1117 3498 'sit
1139 3438 1302 3517 proportio
1319 3454 1414 3514 aquae
1438 3442 1472 3498 et

326 3538 404 3599 salis
422 3543 457 3598 ut
476 3552 513 3615 32
529 3536 569 3597 ad
585 3553 615 3614 4,
641 3537 698 3598 sed
715 3537 812 3610 etiam
835 3538 920 3615 quod
938 3537 970 3598 in
994 3555 1059 3598 una
1076 3539 1156 3600 libra
1172 3540 1247 3601 talis
1263 3556 1358 3617 aquae
1374 3541 1472 3600 salsae

325 3640 391 3700 31111
409 3638 447 3718 31
462 3638 614 3700 lothones
630 3638 720 3700 salle.

368 3740 410 3801 Α1
426 3756 504 3800 vero
520 3739 547 3800 si
569 3738 823 3800 instrumentum
847 3743 939 3800 tuum
957 3739 1001 3800 ita
1018 3740 1101 3801 velis
1123 3741 1263 3802 divisum
1280 3741 1416 3817 habere,
1436 3746 1471 3802 ut

325 3841 436 3902 statim
461 3844 495 3901 et
517 3839 587 3901 sine
610 3840 746 3916 calculo,
765 3839 846 3900 scire
869 3840 974 3917 possis
997 3846 1155 3918 quantum
1179 3843 1257 3902 salis
1284 3842 1326 3902 sit
1349 3841 1380 3901 in
1405 3859 1470 3902 una

325 3941 406 4003 libra
421 3957 516 4019 aquae
526 3941 641 4002 salinae
653 3939 751 4016 datae,
765 3944 843 4001 tunc
860 3940 967 4001 divide
980 3940 1232 4003 instrumentum
1246 3943 1358 4003 eodem
1377 3942 1470 4003 modo

325 4059 389 4121 quo
411 4041 532 4103 dictum
556 4045 618 4113 est,
642 4045 675 4101 et
697 4040 771 4102 dein
795 4057 852 4119 per
867 4042 1027 4101 calculum
1049 4042 1144 4104 modo
1160 4043 1329 4104 edoctum²
1346 4033 1477 4120 inquire

324 4147 485 4221 quantum
498 4143 575 4205 salis
590 4141 758 4203 contineat
773 4158 838 4201 una
855 4142 935 4202 libra
951 4159 1046 4219 aquae
1061 4144 1170 4220 salsae,
1195 4148 1229 4204 et
1250 4144 1469 4221 quantitatem

325 4261 409 4324 pone
425 4245 466 4305 ad
481 4244 618 4305 alteram
635 4247 760 4322 partem
779 4243 999 4318 instrumenti,
1018 4249 1053 4304 ut
1069 4244 1151 4304 circa
1167 4262 1198 4305 a.
1217 4245 1249 4306 b.
1260 4261 1285 4306 c.
1300 4244 1331 4306 d.
1342 4243 1418 4321 e.l.,
1437 4251 1470 4307 et

325 4347 369 4407 sic
378 4347 482 4407 habes
491 4346 532 4407 ab
544 4363 609 4407 una
622 4348 713 4424 parte
726 4343 944 4422 quantitatem
954 4361 1048 4421 aquae
1057 4345 1316 4421 etquantitatem
1326 4345 1415 4422 salle,
1428 4347 1472 4428 ab

324 4450 428 4510 altera
443 4449 661 4527 quantitatem
679 4446 756 4508 salis
772 4446 803 4507 in
821 4462 886 4505 una
899 4446 980 4507 libra
995 4446 1155 4508 contenti.

367 4550 463 4616 Potes
479 4550 577 4616 etiam
595 4548 785 4614 mechanice
802 4551 836 4612 et
851 4547 922 4610 sine
939 4547 1003 4610 ullo
1027 4547 1150 4612 calculo
1174 4547 1259 4612 idem
1284 4547 1466 4631 explorare.
