3442 5302
331 801 372 864 88
714 801 774 864 DE
793 804 901 867 SALE
923 805 1143 870 COMMUNI

332 987 416 1048 dunt
430 987 462 1047 in
480 987 663 1062 materiam,
692 987 845 1048 corbibus
861 995 1064 1068 contentam,
1083 1009 1201 1070 aquam
1219 993 1390 1067 marinam,
1407 1007 1481 1069 quae

332 1093 488 1164 tanquam
514 1087 650 1147 dilutum
669 1088 720 1147 vel
738 1089 882 1148 lixivium
900 1091 1060 1166 quoddam
1078 1110 1135 1171 per
1151 1094 1267 1154 corbes
1283 1094 1315 1153 in
1332 1093 1482 1171 subjecta

331 1188 477 1248 alvearia
494 1186 618 1258 defluit,
636 1204 776 1264 quocum
794 1191 1015 1266 continuatur,
1033 1194 1108 1253 dum
1135 1193 1271 1254 materia
1296 1193 1381 1253 dicta
1406 1192 1483 1252 dila·

334 1289 430 1349 batur
447 1288 478 1348 in
495 1293 591 1348 terrae
608 1289 776 1366 cujusdam
795 1291 846 1349 vel
870 1291 988 1352 cineris
1014 1294 1169 1372 speciem.
1216 1294 1398 1354 immittunt
1422 1294 1482 1353 hoc

333 1389 478 1449 lixivium
495 1388 527 1448 in
543 1390 625 1449 ollas
642 1405 763 1466 parvas
779 1387 908 1466 fictiles,
925 1409 1000 1468 quae
1022 1393 1107 1472 apud
1125 1395 1195 1454 illos
1217 1395 1289 1456 ulan
1311 1398 1344 1454 et
1365 1409 1484 1455 samam

335 1494 482 1565 vocatur,
500 1494 534 1549 et
550 1489 598 1549 eis
613 1489 719 1566 ignem
745 1491 936 1568 subjiciunt,
966 1497 999 1554 et
1027 1511 1065 1555 eo
1093 1511 1198 1572 usque
1222 1498 1379 1570 coquunt,
1408 1493 1483 1552 dum

334 1590 542 1650 duriusculus
557 1589 687 1666 quidam
706 1591 786 1668 lapis
804 1598 987 1668 remaneat,
1005 1595 1059 1671 qui
1076 1593 1211 1672 figuram
1229 1595 1303 1654 ollae
1325 1610 1395 1654 suae
1418 1609 1485 1652 ser-

335 1695 394 1751 vat
410 1696 443 1751 et
458 1690 545 1751 orbis
561 1691 702 1768 speciem
721 1692 834 1752 habet.
882 1692 1058 1771 Exponunt
1080 1697 1149 1755 lraec
1167 1696 1198 1754 in
1215 1694 1304 1754 iumo
1321 1694 1415 1755 etsie
1432 1694 1484 1753 illa

336 1795 549 1852 conservant.
579 1790 636 1851 Est
652 1793 699 1850 sal
723 1789 849 1851 illorum
867 1809 1041 1854 commune
1069 1801 1101 1855 et
1126 1796 1284 1869 culinare,
1311 1798 1486 1872 usurpatur

335 1892 419 1952 circa
435 1909 544 1952 escam
575 1891 700 1950 illorum
728 1896 762 1951 et
788 1893 949 1972 praecipue
977 1895 1061 1954 circa
1088 1896 1212 1956 illorum
1243 1893 1366 1974 Papeda
1401 1893 1485 1970 quod

319 1993 454 2053 'melius
470 1991 545 2051 inde
567 2008 683 2069 sapere
710 1992 836 2054 dicitur.
883 1993 915 2053 ln
943 1993 1083 2055 frustula
1109 1995 1292 2056 tunduntur
1319 1995 1364 2055 sic
1392 1996 1486 2054 orbes

337 2093 431 2154 salini
447 2093 487 2153 ad
505 2092 762 2169 magnitudinem
780 2110 928 2169 ovorum,
946 2096 1040 2155 etsie
1063 2096 1093 2155 in
1119 2112 1229 2155 escam
1255 2095 1485 2173 conjiciuntur.

338 2193 407 2256 Nisi
422 2193 642 2272 suspendatur
659 2193 690 2251 in
707 2192 806 2264 tumn,
821 2195 876 2254 vix
887 2196 1075 2256 conservari
1091 2201 1212 2274 potest,
1226 2213 1299 2256 nam
1318 2197 1486 2255 humorem

337 2293 433 2354 facile
449 2294 586 2354 attrahit
602 2298 636 2353 et
651 2293 801 2369 solvitur;
827 2311 885 2354 nec
901 2300 996 2355 tanta
1018 2297 1195 2356 acrimonia
1219 2295 1340 2373 gaudet
1362 2300 1398 2356 ut
1420 2311 1487 2355 car·

341 2412 400 2456 nes
415 2395 467 2455 illo
484 2393 599 2454 salsari
615 2394 753 2471 possint.
1088 2384 1090 2389 ’

383 2495 483 2573 Ligna
500 2494 573 2556 huic
590 2494 662 2554 usui
678 2495 891 2556 inservientia
913 2497 1104 2556 obtinentur
1131 2497 1214 2556 circa
1242 2497 1334 2556 litora
1361 2496 1487 2556 illorum

297 2638 306 2656 .
340 2613 414 2658 cum
431 2601 562 2673 tempus
577 2595 761 2673 pluviosum
780 2600 843 2670 est,
861 2595 934 2655 illuc
952 2597 1037 2656 enim
1055 2597 1188 2676 appellit
1205 2597 1306 2656 multa
1322 2596 1489 2673 quantitas

340 2697 427 2776 ligni,
445 2697 527 2756 adeo
544 2701 579 2756 ut
595 2696 686 2756 litora
703 2696 764 2755 illis
781 2695 943 2774 stipentur
959 2697 1115 2774 undique,
1132 2697 1217 2774 quod
1244 2697 1407 2775 praecipue
1434 2697 1488 2757 ob·

340 2803 509 2859 servatum
528 2801 590 2872 est,
609 2813 695 2856 anno
721 2796 809 2872 1664,
838 2797 921 2856 circa
950 2798 1090 2873 Ambon,
1120 2798 1249 2868 Keram‚
1277 2797 1430 2875 Manippa
1457 2801 1490 2856 et

343 2899 459 2960 Boero.

385 2999 482 3079 Opus
498 2999 558 3059 hoc
576 2999 712 3058 multum
731 2998 874 3059 laborem
892 2999 1036 3076 requirit,
1054 2999 1207 3076 quoniam
1226 2999 1315 3058 nidor
1332 3002 1365 3059 et
1380 2997 1490 3058 furnus

341 3101 554 3180 gravissimus
571 3099 645 3160 inde
664 3101 815 3175 resultat,
843 3117 941 3176 quum
970 3099 1213 3178 superinjicitur
1240 3116 1324 3176 aqua
1352 3099 1488 3173 marina,

341 3203 494 3282 quamvis
510 3202 631 3279 lignum
649 3201 700 3260 diu
718 3200 805 3278 prius
827 3201 858 3258 in
886 3201 954 3260 sole
980 3199 1137 3260 siccatum
1162 3200 1313 3277 jacuerit;
1347 3201 1490 3259 selectus

231 3330 235 3338 ¹
342 3303 439 3364 etiam
457 3303 614 3380 lignorum
632 3300 806 3361 habendus
822 3305 885 3361 est.

729 3557 732 3563 ,
841 3483 992 3545 xxxin.

557 3668 768 3731 SALITURA
794 3666 967 3730 PlSClUllll
994 3666 1276 3731 HOLLANDIAE.

387 3806 502 3867 illodus
519 3804 651 3864 haleces
668 3802 811 3862 salsandi
838 3807 871 3861 et
898 3802 1009 3862 tonnis
1035 3801 1229 3861 immittendi
1257 3789 1414 3861 inventus
1442 3804 1493 3861 est

344 3925 431 3968 anno
461 3904 540 3981 1416
565 3922 582 3963 a
610 3903 750 3980 quodam
778 3900 991 3962 Guiilaumen
1021 3901 1175 3976 Buclrelz;
1199 3906 1330 3978 propter
1348 3918 1442 3960 usum
1461 3905 1493 3960 el

346 4010 470 4069 lucrum
487 4005 586 4084 liujus
602 4004 805 4064 inventionis
822 4003 954 4062 maximi
971 4003 1064 4081 pretii
1082 4003 1194 4062 habita
1212 4006 1263 4062 est
1288 4006 1322 4062 et
1340 4002 1493 4079 *celebra-

343 4109 490 4170 tiSsimus
506 4106 614 4166 evasit
629 4105 793 4178 inventor,
820 4103 902 4163 adeo
919 4109 954 4163 ut
970 4103 1131 4182 principes
1147 4103 1308 4162 tumulum
1326 4102 1399 4180 ejus
1414 4101 1493 4162 invi·

345 4227 419 4271 sere
436 4212 607 4287 propterea
626 4223 689 4265 non
707 4204 872 4280 dedignati
889 4203 966 4264 sint.
1194 4187 1197 4192 ’
1292 4213 1294 4217 ·

390 4307 503 4386 Quum
521 4308 653 4366 haleces
670 4305 792 4364 exemti
808 4311 886 4363 sunt
902 4305 993 4378 mari,
1013 4307 1113 4364 nauta
1130 4302 1293 4362 abscindit
1315 4302 1361 4362 eis
1383 4306 1494 4380 guttur

347 4415 380 4470 et
406 4408 562 4469 intestina
590 4407 715 4480 eximit,
744 4405 886 4464 servatis
912 4408 1041 4464 tantum
1070 4403 1176 4464 ovulis
1216 4404 1267 4462 vel
1307 4403 1493 4463 substantia

346 4511 463 4571 lactea.
511 4507 679 4567 Lavantur
696 4506 770 4567 dein
787 4506 919 4564 haleces
936 4505 967 4563 in
985 4521 1069 4582 aqua
1092 4504 1189 4579 dulci;
1214 4503 1260 4562 eis
1276 4504 1369 4580 quasi
1386 4502 1495 4564 condi-

346 4615 492 4673 mentum
510 4607 601 4682 dant,
620 4606 823 4668 immittendo
840 4604 963 4666 scilicet
979 4606 1009 4666 in
1035 4622 1150 4685 cupam
1176 4604 1340 4682 quandam
1363 4605 1493 4684 plenam
