3442 5302
550 679 747 742 BALNEA
774 679 1018 743 LUCENSIA
1332 693 1388 752 113

188 867 338 945 quadarn
365 864 500 940 frigoris
525 862 722 926 sensatione
746 862 781 925 in
807 862 882 940 ipsa
906 862 1023 939 lingua
1046 865 1278 940 conjunctum,
1298 863 1388 928 nitro

188 965 377 1044 proprium.
426 965 501 1026 lmo
522 962 613 1026 idern
636 962 687 1026 sal
703 964 950 1039 evaporatione
967 962 1119 1026 elicitum
1135 984 1213 1027 curn
1229 963 1306 1027 oleo
1322 974 1391 1028 tar-

187 1066 256 1148 tari¹
276 1065 362 1129 citra
379 1063 616 1128 ebullitionem
633 1063 839 1139 liquabatur,
859 1063 920 1127 sed
942 1063 1078 1128 laminis
1094 1063 1210 1138 ignitis
1226 1065 1389 1141 injectum
1496 1063 1498 1066 ’

188 1166 390 1240 ebulliebat;
425 1165 473 1226 uti
500 1172 594 1226 certa
622 1163 735 1240 portio
762 1164 913 1240 ejusdem
941 1163 1021 1227 salis
1044 1163 1144 1226 simul
1167 1163 1334 1228 ebulliens
1356 1164 1391 1227 in

187 1266 337 1332 bullulas
366 1265 463 1328 albas
492 1263 655 1339 levesque
681 1264 878 1337 durabatur,
899 1263 992 1340 quod
1017 1264 1127 1326 visum
1155 1274 1207 1327 est
1231 1264 1391 1341 Fallopio

188 1365 350 1432 aluminis
372 1365 518 1440 signum.
566 1365 694 1426 Verum
719 1385 759 1425 ex
781 1363 915 1440 saporis
938 1363 1065 1427 austeri
1090 1364 1293 1441 privatione,
1320 1364 1393 1427 nul·
1490 1405 1492 1411 ·

190 1467 293 1543 laque
320 1463 473 1528 sensibili
501 1463 702 1526 ebullitione
719 1485 796 1526 eum
822 1463 899 1526 oleo
924 1464 1044 1527 tartari
1066 1463 1186 1527 habita
1208 1486 1284 1527 cum
1324 1485 1393 1540 quo

190 1568 297 1631 etiarn
335 1565 446 1643 ipsum
484 1563 622 1627 alumen
660 1572 773 1627 ustum
812 1564 1014 1639 effervescit,
1041 1563 1211 1628 sancitum
1242 1573 1393 1628 estnon

190 1668 329 1732 alumen
352 1667 413 1729 sed
436 1665 563 1729 nitrum
587 1664 718 1735 adesse,
739 1673 970 1741 praeterquam
995 1665 1087 1740 quod
1103 1673 1250 1728 testetur
1266 1665 1390 1735 Lister,

190 1767 263 1833 dari
288 1767 462 1844 quandam
479 1764 559 1828 nitri
575 1765 736 1842 speeiem,
757 1766 801 1828 ab
816 1764 892 1840 ipso
907 1764 1235 1828 calcariumnitrum
1252 1765 1391 1836 dictam,

192 1868 286 1946 quod
302 1866 462 1930 aluminis
478 1865 512 1928 in
530 1867 670 1928 modum
687 1865 888 1927 ebullitione
905 1867 1055 1930 duratur.
1101 1867 1184 1931 Pars
1199 1887 1282 1946 vero
1298 1865 1396 1929 istius

192 1965 411 2032 sedimentie
438 1965 625 2029 filtratione
652 1974 838 2042 superstes
859 1974 910 2028 est
935 1965 1081 2029 mixtura
1105 1966 1262 2042 quaedam
1276 1966 1396 2028 terreis

194 2067 371 2146 particulis
386 2065 486 2129 simul
502 2086 579 2128 cum
597 2066 746 2142 quadam
760 2065 858 2142 gypsi
871 2066 986 2142 specie
1002 2075 1061 2129 aut
1073 2065 1196 2143 lapidis
1209 2066 1397 2142 specularis

193 2167 331 2233 candidi
346 2187 386 2230 ac
402 2165 677 2244 splendescentis
692 2165 904 2242 coalescens;
928 2165 1028 2242 hujus
1044 2165 1135 2228 enim
1149 2165 1273 2242 lapidis
1286 2165 1397 2243 pulvis

194 2268 379 2346 splendore
408 2266 496 2329 nitet
526 2265 561 2328 in
588 2266 728 2328 modum
752 2265 860 2342 ipsius
885 2265 1079 2337 sedimenti,
1099 2266 1315 2342 eandemque
1338 2267 1398 2329 ob-

193 2367 395 2446 scuritatem
425 2377 531 2442 atque
561 2364 771 2443 opacitatem
796 2387 836 2429 ac
859 2365 1090 2428 sedimentum
1106 2365 1218 2443 ipsum
1235 2365 1397 2432 infusioni

197 2468 375 2533 Gallarum
411 2465 525 2530 inlert.
582 2467 746 2529 Balneum
782 2487 864 2528 vero
905 2467 1074 2537 Calidum,
1108 2465 1237 2529 dictum
1276 2468 1397 2542 Bagno

197 2568 316 2643 Cald0,
334 2567 413 2644 quia
438 2566 571 2631 caeteris
596 2565 728 2629 balneis
752 2565 905 2640 calidius,
924 2567 1019 2644 cujus
1042 2588 1142 2643 aquae
1164 2566 1258 2630 calor
1273 2567 1307 2629 in
1324 2566 1398 2643 ipsa

196 2667 403 2744 scaturigine
420 2666 514 2729 nullo
530 2666 780 2730 thermometro
797 2666 943 2744 expendi
961 2676 1087 2755 potest,
1107 2665 1165 2741 qui
1181 2666 1304 2729 deinde
1321 2688 1397 2730 cum

198 2769 329 2845 trigidae
359 2789 457 2845 aquae
488 2767 717 2844 permixtione
758 2775 982 2845 temperatur,
1015 2769 1056 2828 44
1086 2767 1229 2842 gradum
1259 2766 1293 2828 in
1324 2766 1399 2843 ipso

198 2868 323 2933 balneo
360 2866 511 2942 attingit,
552 2865 763 2931 immersioni
800 2888 841 2930 ac
881 2866 1062 2930 stillicidiis
1102 2867 1395 2940 accommodatus,

199 2989 345 3046 quorum
376 2967 560 3030 rationea
587 2966 797 3030 Villensibus
827 2967 926 3043 aquis
954 2967 1089 3030 videtur
1126 2965 1217 3030 haud
1252 2965 1398 3030 multum

199 3069 346 3133 differre.
403 3067 546 3130 Cunctis
572 3067 624 3130 his
650 3066 783 3130 balneis
810 3087 993 3130 commune
1020 3076 1082 3141 est,
1110 3087 1226 3130 eorum
1254 3066 1398 3131 fundum

200 3168 344 3232 materie
361 3167 510 3244 quadarn
534 3167 744 3231 bituminosa
760 3167 893 3245 saporis
909 3167 1063 3231 adinstar
1085 3165 1275 3232 obliniente
1299 3166 1401 3230 lubri-

199 3289 277 3333 cum
293 3267 400 3344 reddi,
421 3276 454 3330 et
471 3265 687 3344 superficiem
711 3289 878 3343 aquarum
894 3265 1096 3330 tenuissimo
1114 3266 1263 3343 quodam
1280 3276 1400 3330 unctu-

200 3390 262 3432 oso
277 3367 476 3432 velamento
492 3367 619 3443 obtegi.
669 3367 758 3444 Quia
782 3367 942 3430 omnibus
965 3365 1058 3430 hisce
1074 3368 1172 3443 aquis
1196 3366 1400 3443 sulphureus

201 3469 301 3533 nidor
327 3467 510 3531 manifeste
533 3467 728 3540 effunditur,
754 3466 864 3543 iisque
887 3489 964 3540 curn
988 3467 1022 3530 in
1049 3469 1125 3544 ipso
1151 3467 1247 3531 ionte
1270 3476 1343 3530 tum
1366 3467 1401 3530 in

200 3569 291 3633 vasis
315 3568 359 3631 ad
385 3567 642 3644 corruptionem
670 3588 778 3644 usque
805 3567 919 3644 spatio
947 3571 984 3631 15
1011 3578 1070 3631 aut
1096 3569 1136 3631 20
1163 3567 1295 3631 dierum
1321 3588 1400 3630 con·

201 3669 314 3740 clusis,
346 3677 421 3732 tum
442 3668 532 3745 quia
561 3668 772 3732 bituminosa
802 3667 1016 3732 unctuositas
1045 3677 1104 3732 aut
1134 3667 1255 3732 iisdem
1285 3689 1401 3745 super·

201 3778 299 3833 natat
321 3777 381 3832 aut
404 3767 568 3842 subsidet,
589 3768 712 3844 quibus
736 3768 824 3831 adde
851 3789 1018 3845 aquarum
1035 3777 1167 3842 aestum,
1187 3790 1228 3830 ex
1244 3766 1318 3831 sola
1334 3766 1401 3830 sul-

203 3861 321 3946 phuris
351 3867 567 3932 exsolutione
597 3876 702 3944 atque
733 3867 943 3932 exaltatione
967 3869 1011 3931 ob
1034 3867 1236 3932 intestinum
1267 3876 1400 3930 motum

151 4033 153 4041 ,
201 3980 405 4034 caeterorum
422 3968 588 4032 iossilium
612 3968 800 4032 thermales
823 3990 931 4046 aquas
954 3968 1238 4046 componentium
1262 3967 1401 4032 inducta

202 4070 456 4145 deducendum;
499 4069 578 4132 ideo
616 4068 679 4133 nisi
717 4069 801 4132 fides
838 4069 994 4133 sensibus
1030 4070 1225 4145 abrogetur,
1259 4067 1402 4144 sulphur

203 4169 324 4234 iisdem
347 4169 446 4246 aquis
468 4168 651 4257 immisceri
675 4190 778 4233 nemo
794 4169 975 4258 dubitabit.
1024 4170 1156 4246 Sapore
1173 4168 1321 4241 demum,
1342 4167 1401 4244 qui

203 4270 401 4348 percipitur,
428 4291 497 4333 non
521 4270 620 4333 unius
643 4270 703 4333 sed
727 4268 874 4347 plurium
898 4268 1030 4344 salium,
1056 4268 1191 4346 ipsique
1216 4266 1333 4345 palato
1360 4288 1401 4330 ac

164 4443 168 4454 ι
202 4370 383 4435 stomacho
399 4378 525 4446 gratus
546 4369 697 4433 innuitur
713 4390 782 4433 non
800 4390 921 4446 purum
937 4367 988 4431 sal
1003 4379 1200 4443 terramque
1217 4365 1400 4443 insipidam
