<?xml version="1.0" encoding="UTF-8"?>
<!DOCTYPE html PUBLIC "-//W3C//DTD XHTML 1.0 Transitional//EN"
    "http://www.w3.org/TR/xhtml1/DTD/xhtml1-transitional.dtd">
<html xmlns="http://www.w3.org/1999/xhtml" xml:lang="en" lang="en">
 <head>
  <title>
</title>
<meta http-equiv="Content-Type" content="text/html;charset=utf-8" />
  <meta name='ocr-system' content='tesseract 3.04.00' />
  <meta name='ocr-capabilities' content='ocr_page ocr_carea ocr_par ocr_line ocrx_word'/>
</head>
<body>
  <div class='ocr_page' id='page_1' title='image "./desalecommuniho00actogoog_0176.png"; bbox 0 0 3442 5302; ppageno 0'>
   <div class='ocr_carea' id='block_1_1' title="bbox 609 669 1420 777">
    <p class='ocr_par' dir='ltr' id='par_1_1' title="bbox 609 669 1420 777">
     <span class='ocr_line' id='line_1_1' title="bbox 609 669 1420 777; baseline -0.009 -9"><span class='ocrx_word' id='word_1_1' title='bbox 609 704 839 768; x_wconf 68' lang='lat' dir='ltr'><strong>seramus</strong></span> <span class='ocrx_word' id='word_1_2' title='bbox 863 669 1006 768; x_wconf 74' lang='lat' dir='ltr'><strong>sArrs</strong></span> <span class='ocrx_word' id='word_1_3' title='bbox 1358 720 1420 777; x_wconf 82' lang='lat'><strong>149</strong></span> 
     </span>
    </p>
   </div>
   <div class='ocr_carea' id='block_1_2' title="bbox 209 886 1422 4268">
    <p class='ocr_par' dir='ltr' id='par_1_2' title="bbox 210 886 1415 1064">
     <span class='ocr_line' id='line_1_2' title="bbox 210 886 1415 965; baseline 0 -13"><span class='ocrx_word' id='word_1_4' title='bbox 210 887 246 953; x_wconf 91' lang='lat' dir='ltr'><strong>in</strong></span> <span class='ocrx_word' id='word_1_5' title='bbox 269 909 347 952; x_wconf 90' lang='lat' dir='ltr'><strong>eum</strong></span> <span class='ocrx_word' id='word_1_6' title='bbox 362 887 561 964; x_wconf 81' lang='lat' dir='ltr'>ingreditur,</span> <span class='ocrx_word' id='word_1_7' title='bbox 581 896 616 952; x_wconf 88' lang='lat' dir='ltr'><strong>et</strong></span> <span class='ocrx_word' id='word_1_8' title='bbox 631 887 680 952; x_wconf 91' lang='lat' dir='ltr'><strong>sic</strong></span> <span class='ocrx_word' id='word_1_9' title='bbox 696 896 837 965; x_wconf 86' lang='lat' dir='ltr'><strong>paratur</strong></span> <span class='ocrx_word' id='word_1_10' title='bbox 851 887 1001 952; x_wconf 90' lang='lat' dir='ltr'><strong>tinctura</strong></span> <span class='ocrx_word' id='word_1_11' title='bbox 1017 886 1145 960; x_wconf 79' lang='lat' dir='ltr'><strong>martis.</strong></span> <span class='ocrx_word' id='word_1_12' title='bbox 1165 887 1260 951; x_wconf 91' lang='lat' dir='ltr'><strong>aurei</strong></span> <span class='ocrx_word' id='word_1_13' title='bbox 1275 887 1415 962; x_wconf 64' lang='lat' dir='ltr'><strong>coloris„</strong></span> 
     </span>
     <span class='ocr_line' id='line_1_3' title="bbox 211 983 1317 1064; baseline -0.002 -11"><span class='ocrx_word' id='word_1_14' title='bbox 211 987 395 1064; x_wconf 84' lang='lat' dir='ltr'><strong>fragrantis</strong></span> <span class='ocrx_word' id='word_1_15' title='bbox 411 987 526 1052; x_wconf 91' lang='lat' dir='ltr'><strong>odoris</strong></span> <span class='ocrx_word' id='word_1_16' title='bbox 542 996 577 1052; x_wconf 91' lang='lat' dir='ltr'><strong>et</strong></span> <span class='ocrx_word' id='word_1_17' title='bbox 592 987 905 1064; x_wconf 90' lang='lat' dir='ltr'><strong>subadstringentis</strong></span> <span class='ocrx_word' id='word_1_18' title='bbox 920 987 1064 1064; x_wconf 81' lang='lat' dir='ltr'><strong>saporis.</strong></span> <span class='ocrx_word' id='word_1_19' title='bbox 1113 983 1317 1052; x_wconf 79' lang='lat' dir='ltr'><strong>Hoffman.*.</strong></span> 
     </span>
    </p>

    <p class='ocr_par' dir='ltr' id='par_1_3' title="bbox 210 1087 1418 1352">
     <span class='ocr_line' id='line_1_4' title="bbox 254 1087 1418 1165; baseline 0 -13"><span class='ocrx_word' id='word_1_20' title='bbox 254 1088 290 1152; x_wconf 89' lang='lat' dir='ltr'><strong>Si</strong></span> <span class='ocrx_word' id='word_1_21' title='bbox 314 1097 472 1152; x_wconf 87' lang='lat' dir='ltr'><strong>ramenta</strong></span> <span class='ocrx_word' id='word_1_22' title='bbox 494 1087 576 1152; x_wconf 81' lang='lat' dir='ltr'><strong>ferri</strong></span> <span class='ocrx_word' id='word_1_23' title='bbox 600 1109 662 1165; x_wconf 92' lang='lat' dir='ltr'><strong>per</strong></span> <span class='ocrx_word' id='word_1_24' title='bbox 687 1087 846 1164; x_wconf 90' lang='lat' dir='ltr'><strong>spiritum</strong></span> <span class='ocrx_word' id='word_1_25' title='bbox 868 1087 949 1152; x_wconf 91' lang='lat' dir='ltr'><strong>salis</strong></span> <span class='ocrx_word' id='word_1_26' title='bbox 970 1087 1149 1152; x_wconf 89' lang='lat' dir='ltr'><strong>solvantur</strong></span> <span class='ocrx_word' id='word_1_27' title='bbox 1172 1096 1206 1151; x_wconf 87' lang='lat' dir='ltr'><strong>et</strong></span> <span class='ocrx_word' id='word_1_28' title='bbox 1229 1088 1357 1154; x_wconf 90' lang='lat' dir='ltr'><strong>solutio</strong></span> <span class='ocrx_word' id='word_1_29' title='bbox 1380 1089 1418 1152; x_wconf 87' lang='lat' dir='ltr'><strong>in</strong></span> 
     </span>
     <span class='ocr_line' id='line_1_5' title="bbox 210 1185 1418 1266; baseline -0.002 -14"><span class='ocrx_word' id='word_1_30' title='bbox 210 1187 416 1265; x_wconf 90' lang='lat' dir='ltr'><strong>chrystallos</strong></span> <span class='ocrx_word' id='word_1_31' title='bbox 438 1187 614 1264; x_wconf 82' lang='lat' dir='ltr'>redigatur</span> <span class='ocrx_word' id='word_1_32' title='bbox 636 1195 670 1251; x_wconf 87' lang='lat' dir='ltr'><strong>et</strong></span> <span class='ocrx_word' id='word_1_33' title='bbox 686 1187 863 1265; x_wconf 84' lang='lat' dir='ltr'>chrystalli</span> <span class='ocrx_word' id='word_1_34' title='bbox 879 1186 959 1251; x_wconf 92' lang='lat' dir='ltr'><strong>dein</strong></span> <span class='ocrx_word' id='word_1_35' title='bbox 976 1185 1214 1264; x_wconf 79' lang='lat' dir='ltr'><strong>sublimentur,</strong></span> <span class='ocrx_word' id='word_1_36' title='bbox 1235 1209 1296 1266; x_wconf 88' lang='lat' dir='ltr'><strong>per</strong></span> <span class='ocrx_word' id='word_1_37' title='bbox 1312 1188 1418 1252; x_wconf 91' lang='lat' dir='ltr'><strong>subli-</strong></span> 
     </span>
     <span class='ocr_line' id='line_1_6' title="bbox 213 1287 857 1352; baseline 0 0"><span class='ocrx_word' id='word_1_38' title='bbox 213 1287 403 1352; x_wconf 86' lang='lat' dir='ltr'><strong>mationem</strong></span> <span class='ocrx_word' id='word_1_39' title='bbox 420 1287 513 1351; x_wconf 91' lang='lat' dir='ltr'><strong>illam</strong></span> <span class='ocrx_word' id='word_1_40' title='bbox 529 1287 731 1352; x_wconf 89' lang='lat' dir='ltr'><strong>obtinentur</strong></span> <span class='ocrx_word' id='word_1_41' title='bbox 746 1287 857 1352; x_wconf 79' lang='lat' dir='ltr'><strong>florea</strong></span> 
     </span>
    </p>

    <p class='ocr_par' dir='ltr' id='par_1_4' title="bbox 213 1386 1421 1564">
     <span class='ocr_line' id='line_1_7' title="bbox 254 1386 1421 1466; baseline 0.001 -15"><span class='ocrx_word' id='word_1_42' title='bbox 254 1387 404 1466; x_wconf 85' lang='lat' dir='ltr'>Spiritus</span> <span class='ocrx_word' id='word_1_43' title='bbox 418 1387 499 1452; x_wconf 91' lang='lat' dir='ltr'><strong>salis</strong></span> <span class='ocrx_word' id='word_1_44' title='bbox 514 1387 674 1464; x_wconf 79' lang='lat' dir='ltr'>coagulat</span> <span class='ocrx_word' id='word_1_45' title='bbox 691 1387 853 1452; x_wconf 90' lang='lat' dir='ltr'>albumen</span> <span class='ocrx_word' id='word_1_46' title='bbox 869 1386 935 1462; x_wconf 88' lang='lat' dir='ltr'><strong>ovi,</strong></span> <span class='ocrx_word' id='word_1_47' title='bbox 947 1395 982 1452; x_wconf 87' lang='lat' dir='ltr'><strong>et</strong></span> <span class='ocrx_word' id='word_1_48' title='bbox 999 1386 1083 1452; x_wconf 94' lang='lat' dir='ltr'><strong>illud</strong></span> <span class='ocrx_word' id='word_1_49' title='bbox 1099 1387 1133 1452; x_wconf 93' lang='lat' dir='ltr'><strong>in</strong></span> <span class='ocrx_word' id='word_1_50' title='bbox 1148 1409 1295 1452; x_wconf 86' lang='lat' dir='ltr'>massam</span> <span class='ocrx_word' id='word_1_51' title='bbox 1309 1410 1421 1466; x_wconf 90' lang='lat' dir='ltr'><strong>quan-</strong></span> 
     </span>
     <span class='ocr_line' id='line_1_8' title="bbox 213 1487 581 1564; baseline -0.003 -11"><span class='ocrx_word' id='word_1_52' title='bbox 213 1488 292 1554; x_wconf 89' lang='lat' dir='ltr'><strong>dam</strong></span> <span class='ocrx_word' id='word_1_53' title='bbox 308 1489 429 1552; x_wconf 90' lang='lat' dir='ltr'><strong>duram</strong></span> <span class='ocrx_word' id='word_1_54' title='bbox 446 1487 581 1564; x_wconf 85' lang='lat' dir='ltr'><strong>redigit.</strong></span> 
     </span>
    </p>

    <p class='ocr_par' dir='ltr' id='par_1_5' title="bbox 253 1586 1281 1666">
     <span class='ocr_line' id='line_1_9' title="bbox 253 1586 1281 1666; baseline 0 -14"><span class='ocrx_word' id='word_1_55' title='bbox 253 1587 396 1666; x_wconf 85' lang='lat' dir='ltr'><strong>Optime</strong></span> <span class='ocrx_word' id='word_1_56' title='bbox 412 1609 494 1652; x_wconf 88' lang='lat' dir='ltr'><strong>vero</strong></span> <span class='ocrx_word' id='word_1_57' title='bbox 510 1589 699 1652; x_wconf 90' lang='lat' dir='ltr'><strong>concordat</strong></span> <span class='ocrx_word' id='word_1_58' title='bbox 715 1587 855 1665; x_wconf 90' lang='lat' dir='ltr'><strong>spiritus</strong></span> <span class='ocrx_word' id='word_1_59' title='bbox 871 1587 952 1652; x_wconf 89' lang='lat' dir='ltr'><strong>salis</strong></span> <span class='ocrx_word' id='word_1_60' title='bbox 968 1609 1047 1652; x_wconf 89' lang='lat' dir='ltr'><strong>cum</strong></span> <span class='ocrx_word' id='word_1_61' title='bbox 1063 1586 1186 1665; x_wconf 92' lang='lat' dir='ltr'><strong>spiritu</strong></span> <span class='ocrx_word' id='word_1_62' title='bbox 1201 1587 1281 1652; x_wconf 90' lang='lat' dir='ltr'><strong>vini.</strong></span> 
     </span>
    </p>

    <p class='ocr_par' dir='ltr' id='par_1_6' title="bbox 213 1687 1422 1854">
     <span class='ocr_line' id='line_1_10' title="bbox 253 1687 1422 1766; baseline 0.002 -15"><span class='ocrx_word' id='word_1_63' title='bbox 253 1688 289 1751; x_wconf 89' lang='lat' dir='ltr'><strong>Si</strong></span> <span class='ocrx_word' id='word_1_64' title='bbox 313 1687 499 1753; x_wconf 85' lang='lat' dir='ltr'><strong>misceatur</strong></span> <span class='ocrx_word' id='word_1_65' title='bbox 519 1687 660 1766; x_wconf 91' lang='lat' dir='ltr'><strong>spiritus</strong></span> <span class='ocrx_word' id='word_1_66' title='bbox 683 1687 764 1752; x_wconf 90' lang='lat' dir='ltr'><strong>salis</strong></span> <span class='ocrx_word' id='word_1_67' title='bbox 786 1709 865 1752; x_wconf 91' lang='lat' dir='ltr'><strong>cum</strong></span> <span class='ocrx_word' id='word_1_68' title='bbox 887 1687 959 1752; x_wconf 88' lang='lat' dir='ltr'><strong>sale</strong></span> <span class='ocrx_word' id='word_1_69' title='bbox 977 1688 1128 1765; x_wconf 86' lang='lat' dir='ltr'><strong>quodam</strong></span> <span class='ocrx_word' id='word_1_70' title='bbox 1144 1687 1287 1766; x_wconf 88' lang='lat' dir='ltr'><strong>volatili,</strong></span> <span class='ocrx_word' id='word_1_71' title='bbox 1308 1688 1422 1754; x_wconf 89' lang='lat' dir='ltr'><strong>oritur</strong></span> 
     </span>
     <span class='ocr_line' id='line_1_11' title="bbox 213 1787 865 1854; baseline 0.002 -3"><span class='ocrx_word' id='word_1_72' title='bbox 213 1787 292 1854; x_wconf 92' lang='lat' dir='ltr'><strong>inde</strong></span> <span class='ocrx_word' id='word_1_73' title='bbox 308 1787 359 1852; x_wconf 91' lang='lat' dir='ltr'><strong>sal</strong></span> <span class='ocrx_word' id='word_1_74' title='bbox 375 1787 605 1852; x_wconf 88' lang='lat' dir='ltr'><strong>semivolatile</strong></span> <span class='ocrx_word' id='word_1_75' title='bbox 621 1788 865 1853; x_wconf 87' lang='lat' dir='ltr'><strong>armeniacum.</strong></span> 
     </span>
    </p>

    <p class='ocr_par' dir='ltr' id='par_1_7' title="bbox 210 1887 1417 2152">
     <span class='ocr_line' id='line_1_12' title="bbox 253 1887 1415 1966; baseline 0.001 -15"><span class='ocrx_word' id='word_1_76' title='bbox 253 1887 289 1951; x_wconf 89' lang='lat' dir='ltr'><strong>Si</strong></span> <span class='ocrx_word' id='word_1_77' title='bbox 313 1888 522 1952; x_wconf 86' lang='lat' dir='ltr'><strong>immittatur</strong></span> <span class='ocrx_word' id='word_1_78' title='bbox 545 1887 685 1964; x_wconf 89' lang='lat' dir='ltr'><strong>spiritus</strong></span> <span class='ocrx_word' id='word_1_79' title='bbox 710 1887 791 1952; x_wconf 89' lang='lat' dir='ltr'><strong>salis</strong></span> <span class='ocrx_word' id='word_1_80' title='bbox 815 1887 849 1953; x_wconf 92' lang='lat' dir='ltr'><strong>in</strong></span> <span class='ocrx_word' id='word_1_81' title='bbox 872 1887 1033 1965; x_wconf 90' lang='lat' dir='ltr'><strong>spiritum</strong></span> <span class='ocrx_word' id='word_1_82' title='bbox 1049 1887 1167 1953; x_wconf 89' lang='lat' dir='ltr'><strong>urinae</strong></span> <span class='ocrx_word' id='word_1_83' title='bbox 1184 1888 1415 1966; x_wconf 76' lang='lat' dir='ltr'><strong>putrefactae,</strong></span> 
     </span>
     <span class='ocr_line' id='line_1_13' title="bbox 210 1987 1417 2066; baseline 0.001 -14"><span class='ocrx_word' id='word_1_84' title='bbox 210 1989 297 2052; x_wconf 89' lang='lat' dir='ltr'><strong>fiunt</strong></span> <span class='ocrx_word' id='word_1_85' title='bbox 319 1987 483 2066; x_wconf 92' lang='lat' dir='ltr'><strong>strepitus</strong></span> <span class='ocrx_word' id='word_1_86' title='bbox 499 1996 533 2052; x_wconf 95' lang='lat' dir='ltr'><strong>et</strong></span> <span class='ocrx_word' id='word_1_87' title='bbox 549 1987 674 2060; x_wconf 86' lang='lat' dir='ltr'><strong>bullae.</strong></span> <span class='ocrx_word' id='word_1_88' title='bbox 694 1997 728 2052; x_wconf 91' lang='lat' dir='ltr'><strong>et</strong></span> <span class='ocrx_word' id='word_1_89' title='bbox 744 1988 885 2065; x_wconf 90' lang='lat' dir='ltr'><strong>spiritus</strong></span> <span class='ocrx_word' id='word_1_90' title='bbox 901 1987 972 2052; x_wconf 90' lang='lat' dir='ltr'><strong>vini</strong></span> <span class='ocrx_word' id='word_1_91' title='bbox 988 1988 1023 2053; x_wconf 89' lang='lat' dir='ltr'><strong>in</strong></span> <span class='ocrx_word' id='word_1_92' title='bbox 1038 1988 1289 2053; x_wconf 88' lang='lat' dir='ltr'><strong>thermometro</strong></span> <span class='ocrx_word' id='word_1_93' title='bbox 1305 1989 1336 2053; x_wconf 95' lang='lat' dir='ltr'><strong>ei</strong></span> <span class='ocrx_word' id='word_1_94' title='bbox 1352 1989 1417 2054; x_wconf 91' lang='lat' dir='ltr'><strong>im-</strong></span> 
     </span>
     <span class='ocr_line' id='line_1_14' title="bbox 212 2087 501 2152; baseline 0 0"><span class='ocrx_word' id='word_1_95' title='bbox 212 2087 318 2152; x_wconf 92' lang='lat' dir='ltr'><strong>misso</strong></span> <span class='ocrx_word' id='word_1_96' title='bbox 334 2087 501 2152; x_wconf 92' lang='lat' dir='ltr'><strong>ascendit.</strong></span> 
     </span>
    </p>

    <p class='ocr_par' dir='ltr' id='par_1_8' title="bbox 211 2187 1416 2353">
     <span class='ocr_line' id='line_1_15' title="bbox 252 2187 1416 2266; baseline 0.003 -15"><span class='ocrx_word' id='word_1_97' title='bbox 252 2190 306 2251; x_wconf 88' lang='lat' dir='ltr'><strong>Ex</strong></span> <span class='ocrx_word' id='word_1_98' title='bbox 331 2188 473 2253; x_wconf 89' lang='lat' dir='ltr'><strong>floribus</strong></span> <span class='ocrx_word' id='word_1_99' title='bbox 497 2187 614 2252; x_wconf 90' lang='lat' dir='ltr'><strong>viridis</strong></span> <span class='ocrx_word' id='word_1_100' title='bbox 637 2188 726 2252; x_wconf 90' lang='lat' dir='ltr'><strong>aeris</strong></span> <span class='ocrx_word' id='word_1_101' title='bbox 749 2198 783 2252; x_wconf 91' lang='lat' dir='ltr'><strong>et</strong></span> <span class='ocrx_word' id='word_1_102' title='bbox 806 2187 878 2252; x_wconf 85' lang='lat' dir='ltr'><strong>sale</strong></span> <span class='ocrx_word' id='word_1_103' title='bbox 901 2210 977 2264; x_wconf 90' lang='lat' dir='ltr'><strong>ana,</strong></span> <span class='ocrx_word' id='word_1_104' title='bbox 998 2188 1106 2252; x_wconf 93' lang='lat' dir='ltr'><strong>oritur</strong></span> <span class='ocrx_word' id='word_1_105' title='bbox 1127 2210 1219 2265; x_wconf 88' lang='lat' dir='ltr'><strong>aqua</strong></span> <span class='ocrx_word' id='word_1_106' title='bbox 1241 2191 1416 2266; x_wconf 88' lang='lat' dir='ltr'><strong>quaedam</strong></span> 
     </span>
     <span class='ocr_line' id='line_1_16' title="bbox 211 2288 320 2353; baseline -0.009 0"><span class='ocrx_word' id='word_1_107' title='bbox 211 2288 320 2353; x_wconf 79' lang='lat' dir='ltr'><strong>tortis,</strong></span> 
     </span>
    </p>

    <p class='ocr_par' dir='ltr' id='par_1_9' title="bbox 210 2387 1415 2566">
     <span class='ocr_line' id='line_1_17' title="bbox 253 2387 1415 2466; baseline 0.002 -14"><span class='ocrx_word' id='word_1_108' title='bbox 253 2388 290 2452; x_wconf 87' lang='lat' dir='ltr'><strong>Si</strong></span> <span class='ocrx_word' id='word_1_109' title='bbox 314 2388 454 2466; x_wconf 86' lang='lat' dir='ltr'><strong>spiritus</strong></span> <span class='ocrx_word' id='word_1_110' title='bbox 478 2389 558 2453; x_wconf 89' lang='lat' dir='ltr'><strong>salis</strong></span> <span class='ocrx_word' id='word_1_111' title='bbox 582 2389 682 2453; x_wconf 91' lang='lat' dir='ltr'><strong>valde</strong></span> <span class='ocrx_word' id='word_1_112' title='bbox 706 2396 880 2454; x_wconf 87' lang='lat' dir='ltr'><strong>saturatus</strong></span> <span class='ocrx_word' id='word_1_113' title='bbox 904 2387 971 2464; x_wconf 83' lang='lat' dir='ltr'><strong>est‚&#39;</strong></span> <span class='ocrx_word' id='word_1_114' title='bbox 988 2387 1130 2466; x_wconf 87' lang='lat' dir='ltr'><strong>perinde</strong></span> <span class='ocrx_word' id='word_1_115' title='bbox 1153 2390 1282 2454; x_wconf 83' lang='lat' dir='ltr'><strong>fereae</strong></span> <span class='ocrx_word' id='word_1_116' title='bbox 1298 2389 1415 2454; x_wconf 90' lang='lat' dir='ltr'><strong>oleum</strong></span> 
     </span>
     <span class='ocr_line' id='line_1_18' title="bbox 210 2485 846 2566; baseline 0 -14"><span class='ocrx_word' id='word_1_117' title='bbox 210 2488 369 2561; x_wconf 86' lang='lat' dir='ltr'><strong>victrioli‚</strong></span> <span class='ocrx_word' id='word_1_118' title='bbox 388 2511 479 2566; x_wconf 90' lang='lat' dir='ltr'><strong>aqua</strong></span> <span class='ocrx_word' id='word_1_119' title='bbox 494 2489 613 2564; x_wconf 82' lang='lat' dir='ltr'><strong>affusa,</strong></span> <span class='ocrx_word' id='word_1_120' title='bbox 633 2485 846 2560; x_wconf 74' lang='lat' dir='ltr'><strong>incalescitl</strong></span> 
     </span>
    </p>

    <p class='ocr_par' dir='ltr' id='par_1_10' title="bbox 252 2583 1247 2666">
     <span class='ocr_line' id='line_1_19' title="bbox 252 2583 1247 2666; baseline 0.002 -14"><span class='ocrx_word' id='word_1_121' title='bbox 252 2589 311 2653; x_wconf 92' lang='lat' dir='ltr'><strong>Sal</strong></span> <span class='ocrx_word' id='word_1_122' title='bbox 327 2583 442 2652; x_wconf 87' lang='lat' dir='ltr'><strong>silicis¹</strong></span> <span class='ocrx_word' id='word_1_123' title='bbox 456 2610 534 2653; x_wconf 91' lang='lat' dir='ltr'><strong>cum</strong></span> <span class='ocrx_word' id='word_1_124' title='bbox 550 2588 672 2666; x_wconf 92' lang='lat' dir='ltr'><strong>spiritu</strong></span> <span class='ocrx_word' id='word_1_125' title='bbox 689 2587 770 2652; x_wconf 89' lang='lat' dir='ltr'><strong>salis</strong></span> <span class='ocrx_word' id='word_1_126' title='bbox 785 2589 823 2654; x_wconf 88' lang='lat' dir='ltr'><strong>fit</strong></span> <span class='ocrx_word' id='word_1_127' title='bbox 840 2587 965 2653; x_wconf 90' lang='lat' dir='ltr'><strong>coloris</strong></span> <span class='ocrx_word' id='word_1_128' title='bbox 980 2588 1060 2653; x_wconf 86' lang='lat' dir='ltr'><strong>flavi</strong></span> <span class='ocrx_word' id='word_1_129' title='bbox 1076 2589 1247 2654; x_wconf 90' lang='lat' dir='ltr'><strong>subrubei.</strong></span> 
     </span>
    </p>

    <p class='ocr_par' dir='ltr' id='par_1_11' title="bbox 210 2677 1417 2854">
     <span class='ocr_line' id='line_1_20' title="bbox 252 2677 1417 2766; baseline 0.001 -14"><span class='ocrx_word' id='word_1_130' title='bbox 252 2689 337 2753; x_wconf 89' lang='lat' dir='ltr'><strong>Calx</strong></span> <span class='ocrx_word' id='word_1_131' title='bbox 352 2689 430 2752; x_wconf 91' lang='lat' dir='ltr'><strong>viva</strong></span> <span class='ocrx_word' id='word_1_132' title='bbox 445 2710 584 2754; x_wconf 87' lang='lat' dir='ltr'><strong>corrosa</strong></span> <span class='ocrx_word' id='word_1_133' title='bbox 599 2710 677 2754; x_wconf 87' lang='lat' dir='ltr'><strong>curn</strong></span> <span class='ocrx_word' id='word_1_134' title='bbox 693 2687 815 2766; x_wconf 93' lang='lat' dir='ltr'><strong>spiritu</strong></span> <span class='ocrx_word' id='word_1_135' title='bbox 831 2688 912 2752; x_wconf 91' lang='lat' dir='ltr'><strong>salis</strong></span> <span class='ocrx_word' id='word_1_136' title='bbox 928 2688 985 2752; x_wconf 93' lang='lat' dir='ltr'><strong>ubi</strong></span> <span class='ocrx_word' id='word_1_137' title='bbox 1004 2688 1141 2754; x_wconf 92' lang='lat' dir='ltr'><strong>additur</strong></span> <span class='ocrx_word' id='word_1_138' title='bbox 1163 2689 1282 2753; x_wconf 91' lang='lat' dir='ltr'><strong>scoriis</strong></span> <span class='ocrx_word' id='word_1_139' title='bbox 1305 2677 1417 2766; x_wconf 80' lang='lat' dir='ltr'><strong>reguli</strong></span> 
     </span>
     <span class='ocr_line' id='line_1_21' title="bbox 210 2788 943 2854; baseline 0.003 -2"><span class='ocrx_word' id='word_1_140' title='bbox 210 2788 391 2853; x_wconf 90' lang='lat' dir='ltr'><strong>antimonii</strong></span> <span class='ocrx_word' id='word_1_141' title='bbox 408 2789 445 2852; x_wconf 88' lang='lat' dir='ltr'><strong>fit</strong></span> <span class='ocrx_word' id='word_1_142' title='bbox 462 2788 587 2853; x_wconf 89' lang='lat' dir='ltr'><strong>coloris</strong></span> <span class='ocrx_word' id='word_1_143' title='bbox 602 2788 755 2853; x_wconf 87' lang='lat' dir='ltr'><strong>castanei</strong></span> <span class='ocrx_word' id='word_1_144' title='bbox 772 2788 943 2854; x_wconf 89' lang='lat' dir='ltr'><strong>subrubei.</strong></span> 
     </span>
    </p>

    <p class='ocr_par' dir='ltr' id='par_1_12' title="bbox 210 2889 1418 3055">
     <span class='ocr_line' id='line_1_22' title="bbox 252 2889 1418 2968; baseline 0.001 -15"><span class='ocrx_word' id='word_1_145' title='bbox 252 2890 401 2968; x_wconf 90' lang='lat' dir='ltr'><strong>Spiritus</strong></span> <span class='ocrx_word' id='word_1_146' title='bbox 422 2890 503 2954; x_wconf 88' lang='lat' dir='ltr'><strong>salis</strong></span> <span class='ocrx_word' id='word_1_147' title='bbox 525 2912 566 2954; x_wconf 90' lang='lat' dir='ltr'><strong>ex</strong></span> <span class='ocrx_word' id='word_1_148' title='bbox 589 2889 684 2955; x_wconf 92' lang='lat' dir='ltr'><strong>calce</strong></span> <span class='ocrx_word' id='word_1_149' title='bbox 706 2889 784 2954; x_wconf 91' lang='lat' dir='ltr'><strong>viva</strong></span> <span class='ocrx_word' id='word_1_150' title='bbox 806 2911 885 2954; x_wconf 88' lang='lat' dir='ltr'><strong>curn</strong></span> <span class='ocrx_word' id='word_1_151' title='bbox 908 2910 1034 2967; x_wconf 90' lang='lat' dir='ltr'><strong>syropo</strong></span> <span class='ocrx_word' id='word_1_152' title='bbox 1050 2889 1219 2954; x_wconf 90' lang='lat' dir='ltr'><strong>violarum</strong></span> <span class='ocrx_word' id='word_1_153' title='bbox 1235 2891 1273 2955; x_wconf 88' lang='lat' dir='ltr'><strong>iit</strong></span> <span class='ocrx_word' id='word_1_154' title='bbox 1289 2891 1418 2954; x_wconf 93' lang='lat' dir='ltr'><strong>coloris</strong></span> 
     </span>
     <span class='ocr_line' id='line_1_23' title="bbox 210 2989 460 3055; baseline 0 0"><span class='ocrx_word' id='word_1_155' title='bbox 210 2989 318 3055; x_wconf 90' lang='lat' dir='ltr'><strong>dilute</strong></span> <span class='ocrx_word' id='word_1_156' title='bbox 334 2989 460 3055; x_wconf 86' lang='lat' dir='ltr'><strong>viridis.</strong></span> 
     </span>
    </p>

    <p class='ocr_par' dir='ltr' id='par_1_13' title="bbox 210 3089 1418 3354">
     <span class='ocr_line' id='line_1_24' title="bbox 253 3089 1418 3168; baseline 0.002 -16"><span class='ocrx_word' id='word_1_157' title='bbox 253 3089 368 3155; x_wconf 90' lang='lat' dir='ltr'><strong>Pulvis</strong></span> <span class='ocrx_word' id='word_1_158' title='bbox 390 3089 559 3154; x_wconf 91' lang='lat' dir='ltr'><strong>lateritius</strong></span> <span class='ocrx_word' id='word_1_159' title='bbox 575 3090 697 3168; x_wconf 90' lang='lat' dir='ltr'><strong>spiritu</strong></span> <span class='ocrx_word' id='word_1_160' title='bbox 713 3089 794 3154; x_wconf 92' lang='lat' dir='ltr'><strong>salis</strong></span> <span class='ocrx_word' id='word_1_161' title='bbox 809 3089 943 3154; x_wconf 91' lang='lat' dir='ltr'><strong>solutus</strong></span> <span class='ocrx_word' id='word_1_162' title='bbox 959 3111 1037 3155; x_wconf 92' lang='lat' dir='ltr'><strong>curn</strong></span> <span class='ocrx_word' id='word_1_163' title='bbox 1053 3089 1225 3154; x_wconf 91' lang='lat' dir='ltr'><strong>solutione</strong></span> <span class='ocrx_word' id='word_1_164' title='bbox 1240 3089 1418 3168; x_wconf 90' lang='lat' dir='ltr'><strong>sulphuris</strong></span> 
     </span>
     <span class='ocr_line' id='line_1_25' title="bbox 210 3189 1413 3266; baseline 0.002 -12"><span class='ocrx_word' id='word_1_165' title='bbox 210 3211 288 3254; x_wconf 87' lang='lat' dir='ltr'><strong>curn</strong></span> <span class='ocrx_word' id='word_1_166' title='bbox 324 3189 418 3254; x_wconf 90' lang='lat' dir='ltr'><strong>calce</strong></span> <span class='ocrx_word' id='word_1_167' title='bbox 448 3190 525 3254; x_wconf 91' lang='lat' dir='ltr'><strong>viva</strong></span> <span class='ocrx_word' id='word_1_168' title='bbox 555 3191 593 3254; x_wconf 89' lang='lat' dir='ltr'><strong>fit</strong></span> <span class='ocrx_word' id='word_1_169' title='bbox 623 3189 748 3255; x_wconf 92' lang='lat' dir='ltr'><strong>eoloris</strong></span> <span class='ocrx_word' id='word_1_170' title='bbox 785 3189 871 3266; x_wconf 83' lang='lat' dir='ltr'><strong>nigri</strong></span> <span class='ocrx_word' id='word_1_171' title='bbox 908 3191 953 3255; x_wconf 92' lang='lat' dir='ltr'><strong>ad</strong></span> <span class='ocrx_word' id='word_1_172' title='bbox 982 3189 1195 3255; x_wconf 89' lang='lat' dir='ltr'><strong>viriditatem</strong></span> <span class='ocrx_word' id='word_1_173' title='bbox 1225 3191 1413 3266; x_wconf 85' lang='lat' dir='ltr'><strong>vergentis.</strong></span> 
     </span>
     <span class='ocr_line' id='line_1_26' title="bbox 214 3290 355 3354; baseline 0 0"><span class='ocrx_word' id='word_1_174' title='bbox 214 3290 355 3354; x_wconf 89' lang='lat' dir='ltr'><strong>Hierne.</strong></span> 
     </span>
    </p>

    <p class='ocr_par' dir='ltr' id='par_1_14' title="bbox 209 3389 1417 3768">
     <span class='ocr_line' id='line_1_27' title="bbox 255 3389 1417 3468; baseline 0.003 -15"><span class='ocrx_word' id='word_1_175' title='bbox 255 3389 406 3468; x_wconf 88' lang='lat' dir='ltr'><strong>Boyleus</strong></span> <span class='ocrx_word' id='word_1_176' title='bbox 428 3390 511 3456; x_wconf 90' lang='lat' dir='ltr'><strong>dicit</strong></span> <span class='ocrx_word' id='word_1_177' title='bbox 528 3390 563 3454; x_wconf 93' lang='lat' dir='ltr'><strong>in</strong></span> <span class='ocrx_word' id='word_1_178' title='bbox 592 3393 622 3455; x_wconf 85' lang='grc' dir='ltr'><em>Τ</em></span> <span class='ocrx_word' id='word_1_179' title='bbox 619 3392 849 3454; x_wconf 82' lang='lat' dir='ltr'><strong>entaminz&#39;bus</strong></span> <span class='ocrx_word' id='word_1_180' title='bbox 871 3391 1139 3467; x_wconf 81' lang='lat' dir='ltr'><strong>Physiologicis,</strong></span> <span class='ocrx_word' id='word_1_181' title='bbox 1159 3412 1177 3454; x_wconf 91' lang='lat' dir='ltr'><strong>e</strong></span> <span class='ocrx_word' id='word_1_182' title='bbox 1194 3390 1266 3454; x_wconf 90' lang='lat' dir='ltr'><strong>sale</strong></span> <span class='ocrx_word' id='word_1_183' title='bbox 1282 3392 1417 3456; x_wconf 89' lang='lat' dir='ltr'><strong>marino</strong></span> 
     </span>
     <span class='ocr_line' id='line_1_28' title="bbox 209 3490 1413 3578; baseline 0.002 -25"><span class='ocrx_word' id='word_1_184' title='bbox 209 3490 367 3568; x_wconf 90' lang='lat' dir='ltr'><strong>spiritum</strong></span> <span class='ocrx_word' id='word_1_185' title='bbox 395 3490 508 3568; x_wconf 90' lang='lat' dir='ltr'><strong>parari</strong></span> <span class='ocrx_word' id='word_1_186' title='bbox 533 3512 645 3569; x_wconf 85' lang='lat' dir='ltr'><strong>posse,</strong></span> <span class='ocrx_word' id='word_1_187' title='bbox 666 3491 724 3567; x_wconf 90' lang='lat' dir='ltr'><strong>qui</strong></span> <span class='ocrx_word' id='word_1_188' title='bbox 750 3491 846 3556; x_wconf 92' lang='lat' dir='ltr'><strong>crudi</strong></span> <span class='ocrx_word' id='word_1_189' title='bbox 870 3490 942 3554; x_wconf 90' lang='lat' dir='ltr'><strong>auri</strong></span> <span class='ocrx_word' id='word_1_190' title='bbox 969 3512 1174 3578; x_wconf 82' lang='lat' dir='ltr'><strong>compagem</strong></span> <span class='ocrx_word' id='word_1_191' title='bbox 1198 3501 1413 3569; x_wconf 79' lang='lat' dir='ltr'><strong>perrumpat,</strong></span> 
     </span>
     <span class='ocr_line' id='line_1_29' title="bbox 209 3590 1415 3668; baseline 0.001 -13"><span class='ocrx_word' id='word_1_192' title='bbox 209 3592 269 3655; x_wconf 91' lang='lat' dir='ltr'><strong>sed</strong></span> <span class='ocrx_word' id='word_1_193' title='bbox 293 3591 436 3655; x_wconf 86' lang='lat' dir='ltr'><strong>fortuito</strong></span> <span class='ocrx_word' id='word_1_194' title='bbox 458 3590 524 3656; x_wconf 93' lang='lat' dir='ltr'><strong>hoc</strong></span> <span class='ocrx_word' id='word_1_195' title='bbox 547 3590 713 3656; x_wconf 90' lang='lat' dir='ltr'><strong>accidisse</strong></span> <span class='ocrx_word' id='word_1_196' title='bbox 735 3599 845 3668; x_wconf 88' lang='lat' dir='ltr'><strong>putat,</strong></span> <span class='ocrx_word' id='word_1_197' title='bbox 864 3590 995 3656; x_wconf 91' lang='lat' dir='ltr'><strong>scilicet</strong></span> <span class='ocrx_word' id='word_1_198' title='bbox 1019 3593 1112 3668; x_wconf 91' lang='lat' dir='ltr'><strong>quod</strong></span> <span class='ocrx_word' id='word_1_199' title='bbox 1137 3591 1187 3655; x_wconf 92' lang='lat' dir='ltr'><strong>sal</strong></span> <span class='ocrx_word' id='word_1_200' title='bbox 1210 3592 1355 3656; x_wconf 86' lang='lat' dir='ltr'><strong>forsitan</strong></span> <span class='ocrx_word' id='word_1_201' title='bbox 1372 3614 1415 3656; x_wconf 84' lang='lat' dir='ltr'><strong>ex</strong></span> 
     </span>
     <span class='ocr_line' id='line_1_30' title="bbox 211 3691 707 3768; baseline -0.004 -12"><span class='ocrx_word' id='word_1_202' title='bbox 211 3691 328 3756; x_wconf 90' lang='lat' dir='ltr'><strong>Insula</strong></span> <span class='ocrx_word' id='word_1_203' title='bbox 345 3693 438 3768; x_wconf 90' lang='lat' dir='ltr'><strong>Majo</strong></span> <span class='ocrx_word' id='word_1_204' title='bbox 454 3691 556 3756; x_wconf 81' lang='lat' dir='ltr'><strong>luerit</strong></span> <span class='ocrx_word' id='word_1_205' title='bbox 572 3691 707 3756; x_wconf 86' lang='lat' dir='ltr'><strong>allatus.</strong></span> 
     </span>
    </p>

    <p class='ocr_par' dir='ltr' id='par_1_15' title="bbox 209 3791 1415 4055">
     <span class='ocr_line' id='line_1_31' title="bbox 252 3791 1415 3869; baseline 0.003 -15"><span class='ocrx_word' id='word_1_206' title='bbox 252 3791 401 3868; x_wconf 88' lang='lat' dir='ltr'><strong>Spiritus</strong></span> <span class='ocrx_word' id='word_1_207' title='bbox 424 3791 505 3855; x_wconf 90' lang='lat' dir='ltr'><strong>salis</strong></span> <span class='ocrx_word' id='word_1_208' title='bbox 526 3792 719 3857; x_wconf 92' lang='lat' dir='ltr'><strong>communis</strong></span> <span class='ocrx_word' id='word_1_209' title='bbox 743 3792 777 3856; x_wconf 93' lang='lat' dir='ltr'><strong>in</strong></span> <span class='ocrx_word' id='word_1_210' title='bbox 799 3791 1113 3869; x_wconf 88' lang='lat' dir='ltr'><strong>chrystallisatione</strong></span> <span class='ocrx_word' id='word_1_211' title='bbox 1137 3813 1252 3856; x_wconf 89' lang='lat' dir='ltr'><strong>rursus</strong></span> <span class='ocrx_word' id='word_1_212' title='bbox 1268 3793 1415 3869; x_wconf 92' lang='lat' dir='ltr'><strong>deponit</strong></span> 
     </span>
     <span class='ocr_line' id='line_1_32' title="bbox 209 3891 1415 3980; baseline 0 -24"><span class='ocrx_word' id='word_1_213' title='bbox 209 3891 260 3980; x_wconf 87' lang='lat' dir='ltr'><strong>sal</strong></span> <span class='ocrx_word' id='word_1_214' title='bbox 296 3913 489 3967; x_wconf 89' lang='lat' dir='ltr'><strong>commune,</strong></span> <span class='ocrx_word' id='word_1_215' title='bbox 524 3893 616 3969; x_wconf 89' lang='lat' dir='ltr'><strong>quod</strong></span> <span class='ocrx_word' id='word_1_216' title='bbox 646 3891 792 3970; x_wconf 89' lang='lat' dir='ltr'><strong>pristino</strong></span> <span class='ocrx_word' id='word_1_217' title='bbox 822 3913 884 3956; x_wconf 94' lang='lat' dir='ltr'><strong>suo</strong></span> <span class='ocrx_word' id='word_1_218' title='bbox 914 3891 1049 3969; x_wconf 89' lang='lat' dir='ltr'><strong>corpori</strong></span> <span class='ocrx_word' id='word_1_219' title='bbox 1080 3892 1124 3957; x_wconf 89' lang='lat' dir='ltr'><strong>sit</strong></span> <span class='ocrx_word' id='word_1_220' title='bbox 1154 3893 1415 3969; x_wconf 90' lang='lat' dir='ltr'><strong>quodammodo</strong></span> 
     </span>
     <span class='ocr_line' id='line_1_33' title="bbox 213 3989 923 4055; baseline -0.003 0"><span class='ocrx_word' id='word_1_221' title='bbox 213 3989 333 4055; x_wconf 89' lang='lat' dir='ltr'><strong>simile.</strong></span> <span class='ocrx_word' id='word_1_222' title='bbox 920 3999 923 4006; x_wconf 87' lang='lat'>&#39;</span> 
     </span>
    </p>

    <p class='ocr_par' dir='ltr' id='par_1_16' title="bbox 211 4087 1414 4268">
     <span class='ocr_line' id='line_1_34' title="bbox 254 4087 1413 4170; baseline -0.001 -13"><span class='ocrx_word' id='word_1_223' title='bbox 254 4092 354 4157; x_wconf 83' lang='lat' dir='ltr'><strong>Color</strong></span> <span class='ocrx_word' id='word_1_224' title='bbox 378 4091 532 4167; x_wconf 75' lang='lat' dir='ltr'><strong>cyaneus</strong></span> <span class='ocrx_word' id='word_1_225' title='bbox 555 4091 610 4154; x_wconf 91' lang='lat' dir='ltr'><strong>vel</strong></span> <span class='ocrx_word' id='word_1_226' title='bbox 632 4093 799 4156; x_wconf 76' lang='lat' dir='ltr'><strong>Turrinus</strong></span> <span class='ocrx_word' id='word_1_227' title='bbox 822 4091 856 4155; x_wconf 94' lang='lat' dir='ltr'><strong>in</strong></span> <span class='ocrx_word' id='word_1_228' title='bbox 879 4092 968 4156; x_wconf 92' lang='lat' dir='ltr'><strong>vitro</strong></span> <span class='ocrx_word' id='word_1_229' title='bbox 989 4114 1056 4170; x_wconf 91' lang='lat' dir='ltr'><strong>ope</strong></span> <span class='ocrx_word' id='word_1_230' title='bbox 1072 4091 1154 4156; x_wconf 92' lang='lat' dir='ltr'><strong>sale.</strong></span> <span class='ocrx_word' id='word_1_231' title='bbox 1204 4087 1346 4169; x_wconf 83' lang='lat' dir='ltr'><strong>Recipe²</strong></span> <span class='ocrx_word' id='word_1_232' title='bbox 1361 4091 1413 4156; x_wconf 90' lang='lat' dir='ltr'><strong>sal</strong></span> 
     </span>
     <span class='ocr_line' id='line_1_35' title="bbox 211 4188 1414 4268; baseline 0.001 -14"><span class='ocrx_word' id='word_1_233' title='bbox 211 4190 381 4255; x_wconf 91' lang='lat' dir='ltr'><strong>marinum</strong></span> <span class='ocrx_word' id='word_1_234' title='bbox 397 4192 480 4255; x_wconf 91' lang='lat' dir='ltr'><strong>rude</strong></span> <span class='ocrx_word' id='word_1_235' title='bbox 497 4199 531 4254; x_wconf 94' lang='lat' dir='ltr'><strong>et</strong></span> <span class='ocrx_word' id='word_1_236' title='bbox 547 4191 682 4267; x_wconf 90' lang='lat' dir='ltr'><strong>nigrum</strong></span> <span class='ocrx_word' id='word_1_237' title='bbox 698 4191 838 4263; x_wconf 88' lang='lat' dir='ltr'><strong>dictum.</strong></span> <span class='ocrx_word' id='word_1_238' title='bbox 858 4192 1042 4256; x_wconf 90' lang='lat' dir='ltr'><strong>candidum</strong></span> <span class='ocrx_word' id='word_1_239' title='bbox 1064 4188 1187 4265; x_wconf 92' lang='lat' dir='ltr'><strong>[enim]</strong></span> <span class='ocrx_word' id='word_1_240' title='bbox 1205 4213 1274 4254; x_wconf 91' lang='lat' dir='ltr'><strong>non</strong></span> <span class='ocrx_word' id='word_1_241' title='bbox 1290 4201 1414 4268; x_wconf 90' lang='lat' dir='ltr'><strong>aptum</strong></span> 
     </span>
    </p>
   </div>
   <div class='ocr_carea' id='block_1_3' title="bbox 241 4316 1349 4468">
    <p class='ocr_par' dir='ltr' id='par_1_17' title="bbox 241 4316 1349 4468">
     <span class='ocr_line' id='line_1_36' title="bbox 242 4316 1349 4385; baseline 0.001 -17"><span class='ocrx_word' id='word_1_242' title='bbox 242 4319 259 4350; x_wconf 67' lang='lat' dir='ltr'><strong>t</strong></span> <span class='ocrx_word' id='word_1_243' title='bbox 272 4316 372 4385; x_wconf 86' lang='lat' dir='ltr'><strong>Hujus</strong></span> <span class='ocrx_word' id='word_1_244' title='bbox 382 4317 551 4384; x_wconf 83' lang='lat' dir='ltr'><strong>paragraphi</strong></span> <span class='ocrx_word' id='word_1_245' title='bbox 563 4318 650 4370; x_wconf 85' lang='lat' dir='ltr'><strong>verba</strong></span> <span class='ocrx_word' id='word_1_246' title='bbox 661 4319 698 4370; x_wconf 86' lang='lat' dir='ltr'><strong>ad</strong></span> <span class='ocrx_word' id='word_1_247' title='bbox 709 4317 869 4384; x_wconf 88' lang='lat' dir='ltr'><strong>marginem</strong></span> <span class='ocrx_word' id='word_1_248' title='bbox 880 4318 1052 4384; x_wconf 87' lang='lat' dir='ltr'><strong>autographi</strong></span> <span class='ocrx_word' id='word_1_249' title='bbox 1064 4318 1169 4385; x_wconf 90' lang='lat' dir='ltr'><strong>scripta</strong></span> <span class='ocrx_word' id='word_1_250' title='bbox 1180 4320 1349 4372; x_wconf 78' lang='lat' dir='ltr'><strong>sunt-Eo.</strong></span> 
     </span>
     <span class='ocr_line' id='line_1_37' title="bbox 241 4401 1133 4468; baseline 0.001 -16"><span class='ocrx_word' id='word_1_251' title='bbox 241 4403 257 4463; x_wconf 96' lang='lat'>†</span> <span class='ocrx_word' id='word_1_252' title='bbox 269 4404 465 4468; x_wconf 81' lang='lat' dir='ltr'><strong>Peragraphus</strong></span> <span class='ocrx_word' id='word_1_253' title='bbox 476 4401 525 4454; x_wconf 86' lang='lat' dir='ltr'><strong>hic</strong></span> <span class='ocrx_word' id='word_1_254' title='bbox 536 4403 572 4454; x_wconf 89' lang='lat' dir='ltr'><strong>ad</strong></span> <span class='ocrx_word' id='word_1_255' title='bbox 584 4401 744 4468; x_wconf 84' lang='lat' dir='ltr'><strong>marginem</strong></span> <span class='ocrx_word' id='word_1_256' title='bbox 754 4401 925 4468; x_wconf 85' lang='lat' dir='ltr'><strong>autographi</strong></span> <span class='ocrx_word' id='word_1_257' title='bbox 937 4404 1133 4456; x_wconf 75' lang='lat' dir='ltr'><strong>exstat—En.</strong></span> 
     </span>
    </p>
   </div>
   <div class='ocr_carea' id='block_1_4' title="bbox 0 0 1726 5302">
    <p class='ocr_par' dir='ltr' id='par_1_18' title="bbox 0 0 1726 5302">
     <span class='ocr_line' id='line_1_38' title="bbox 0 0 1726 5302; baseline 0 0"><span class='ocrx_word' id='word_1_258' title='bbox 0 0 1726 5302; x_wconf 95' lang='lat' dir='ltr'><strong> </strong></span> 
     </span>
    </p>
   </div>
  </div>
 </body>
</html>
