3524 5314
314 653 351 731 38
675 647 734 716 DE
754 649 862 717 SALE
884 647 1100 717 COMMUNI

273 860 275 865 ¹
311 837 368 898 lior
384 837 506 898 sensim
523 837 635 899 evadit
650 854 747 915 aqua,
764 837 849 916 quod
865 837 949 898 intra
973 854 1095 898 annum
1119 837 1283 898 dimidium
1308 838 1383 898 licet
1406 853 1460 898 ex·

312 937 421 1016 periri;
437 942 515 999 tunc
535 937 610 999 inde
633 955 668 999 se
683 938 854 1017 «recipiunt
875 943 1077 1017 operatores
1101 942 1136 999 et
1157 939 1232 998 alibi
1255 936 1366 1000 tontes
1388 938 1460 998 sive

312 1048 430 1118 puteos
447 1055 524 1098 suos
539 1039 661 1100 salinus
676 1038 860 1117 indagitant
875 1044 908 1101 et
924 1037 1097 1100 effodiunt.

355 1140 446 1216 Aqua
463 1139 509 1199 sic
525 1139 661 1199 collecta
684 1139 832 1217 coquitur
854 1139 927 1200 dein
952 1140 983 1200 in
1007 1140 1227 1218 sartaginibus
1250 1139 1376 1218 magnis
1398 1138 1461 1198 ter-

313 1238 375 1299 reis
392 1255 495 1316 usque
511 1239 552 1300 ad
568 1240 704 1303 siccum.
749 1237 813 1301 Sed
830 1239 857 1301 si
873 1239 1042 1301 candidius
1058 1245 1091 1302 et
1104 1238 1305 1319 purificatius
1317 1240 1365 1301 sal
1379 1239 1462 1299 desi·

313 1338 457 1415 deratur,
475 1341 584 1401 solent
600 1357 718 1418 aquam
736 1341 820 1400 banc
837 1340 877 1401 ad
893 1346 1019 1420 partem
1037 1346 1249 1420 evaporatam
1266 1339 1297 1401 in
1314 1344 1462 1418 recepta-

313 1440 421 1500 culum
446 1440 608 1514 quoddam
633 1438 818 1517 effundere,
844 1441 898 1502 ubi
922 1441 1055 1521 deponit
1076 1441 1178 1502 taeces
1194 1447 1227 1502 et
1249 1447 1361 1519 partes
1384 1458 1461 1500 suas

312 1540 489 1601 crassiores
500 1552 534 1602 et
546 1541 813 1616 turbulentiores
826 1548 859 1603 et
869 1559 954 1620 aqua
966 1542 1095 1603 residua
1106 1541 1235 1620 limpida
1248 1542 1279 1602 in
1292 1541 1339 1602 sal
1350 1541 1461 1620 purius

313 1645 347 1702 et
362 1641 532 1703 candidius
549 1643 709 1721 coquitur.
777 1701 780 1708 .

357 1741 403 1801 Ex
419 1759 504 1821 aqua
523 1759 534 1802 r
555 1748 668 1804 tonnae
683 1759 740 1822 per
757 1744 1023 1822 evaporationem
1040 1743 1206 1805 obtinetur
1221 1744 1264 1824 ᾗ
1277 1759 1353 1822 pars
1365 1743 1461 1802 unius

313 1848 426 1903 tonnae
443 1849 475 1903 et
488 1843 650 1904 interdum
664 1843 749 1922 plus.
788 1844 917 1905 Accolae
931 1845 1029 1922 hujus
1042 1843 1181 1922 regionis
1194 1845 1253 1904 hoc
1267 1843 1345 1904 salis
1356 1859 1461 1921 genus

313 1944 345 2003 in
363 1961 442 2004 usus
458 1960 536 2004 suos
551 1944 769 2005 oeconomicus
785 1944 955 2021 adhibent,
974 1950 1007 2005 et
1024 1945 1166 2023 qualitas
1189 1945 1272 2023 ejus,
1297 1943 1461 2022 praecipue

313 2045 340 2104 si
355 2043 458 2104 coctio
475 2044 534 2105 rite
550 2045 753 2118 instituatur,
771 2045 908 2105 multum
926 2047 957 2106 in
976 2046 1106 2123 regione
1122 2045 1287 2106 laudatur.

848 2277 927 2341 XVl.
1038 2269 1040 2275 ⁴

234 2479 235 2482 ’
315 2461 472 2526 MODUS
496 2461 737 2540 COQUENDl
767 2462 819 2523 ET
844 2462 1127 2527 fivaPORanr
1152 2463 1291 2525 sabell
1308 2463 1459 2525 ROMAE.

273 2679 276 2685 ·
356 2646 487 2710 Caesius
504 2652 676 2724 memorat,
700 2648 785 2726 quod
809 2648 839 2708 in
864 2647 954 2709 ltalia
980 2653 1113 2710 utantur
1137 2650 1205 2709 sale
1230 2649 1353 2710 marino
1375 2649 1461 2725 quod

313 2750 429 2829 partim
447 2754 565 2828 sponte
584 2749 741 2824 nascitur,
758 2749 874 2827 partim
892 2755 1025 2828 paratur
1041 2749 1126 2810 areis
1149 2766 1190 2810 ex
1214 2755 1285 2810 arte
1308 2749 1404 2810 tactis
1428 2755 1463 2808 ut

314 2868 399 2928 aqua
417 2852 494 2912 solis
510 2850 640 2913 fervore
662 2851 820 2911 exsiccari
843 2852 964 2930 possit;
989 2851 1141 2928 quodque
1164 2850 1375 2911 fertilissimae
1399 2851 1463 2910 sint

312 2952 427 3012 salinae
443 2952 642 3012 convallium
661 2949 952 3027 Comacliensium,
972 2957 1007 3012 ut
1022 2950 1091 3012 fere
1108 2957 1176 3013 tota
1196 2951 1357 3025 lletruria‚
1373 2949 1463 3010 insu·

315 3053 383 3113 bria
407 3057 440 3114 et
464 3051 620 3112 Flaminia
644 3068 683 3112 eo
706 3053 776 3112 sale
799 3057 974 3128 vescatur;
997 3051 1148 3130 quodque
1173 3050 1321 3127 Calabri,
1345 3056 1463 3129 praeter

316 3153 488 3228 marinum,
506 3152 678 3214 abundent
693 3154 791 3214 etiam
813 3154 915 3230 [sale]
934 3152 1069 3213 fossilio.
1115 3151 1179 3214 Sed
1194 3152 1301 3214 missis
1315 3152 1375 3226 bis,
1389 3167 1463 3228 quae

314 3252 1462 3331 retertCaesius,metbodumparandisalemRomaetraderevolumus.

357 3354 404 3415 rid
424 3369 459 3414 12
476 3353 545 3414 iere
562 3353 667 3415 stadia
684 3354 736 3414 vel
754 3353 899 3414 milliaria
917 3353 1026 3414 italica
1042 3371 1060 3414 a
1077 3353 1192 3430 Roma,
1210 3355 1256 3414 sal
1275 3353 1316 3414 ibi
1339 3352 1462 3413 facturn

316 3473 381 3516 una
398 3471 471 3515 cum
489 3460 575 3515 terra
592 3460 626 3515 et
641 3455 740 3514 humo
753 3453 793 3514 ad
806 3454 919 3514 urbem
934 3453 1091 3529 defertur,
1107 3455 1183 3518 etin
1198 3454 1293 3536 domo
1308 3453 1461 3530 quadam,

314 3557 345 3617 in
362 3557 451 3616 illum
468 3554 567 3616 finem
584 3559 767 3630 exstructa,
792 3555 823 3615 in
847 3557 893 3615 sal
918 3556 1067 3634 coquitur
1090 3560 1123 3616 et
1147 3561 1345 3634 evaporatur
1370 3556 1463 3618 modo

316 3657 488 3735 sequenti:
1311 3717 1313 3721 ,
1378 3720 1381 3724 ,
1442 3708 1466 3721 ..

295 3791 297 3794 -
359 3756 458 3818 Terra
474 3773 547 3818 cum
565 3773 649 3834 aqua
665 3757 751 3817 dicta
767 3757 872 3818 salina
896 3757 927 3817 in
952 3758 1160 3835 receptacula
1183 3757 1333 3835 quaedam
1358 3757 1464 3835 lignea

315 3858 429 3920 formae
445 3856 615 3935 quadratae
629 3857 782 3935 injicitur,
797 3862 829 3917 et
842 3862 928 3918 terra
941 3857 983 3917 ibi
996 3859 1137 3935 agitatur
1150 3856 1219 3918 fere
1232 3875 1288 3936 per
1301 3857 1340 3934 48
1354 3859 1463 3932 boras,
1480 3915 1482 3920 ,

315 3959 386 4019 sive
404 3975 507 4035 usque
523 3958 598 4018 dum
616 3974 700 4035 aqua
717 3958 889 4020 elixaverit
904 3975 1001 4018 omne
1025 3959 1072 4019 sal
1098 3957 1182 4034 quod
1206 3957 1338 4037 reperiri
1361 3957 1465 4036 potuit

315 4059 346 4119 in
363 4059 449 4120 dicta
461 4064 549 4119 terra
562 4059 632 4119 sive
645 4074 758 4121 arena.
805 4056 989 4119 Effunditur
1003 4058 1076 4119 dein
1089 4059 1235 4119 lixivium
1250 4060 1310 4120 boc
1323 4059 1462 4118 salinum

315 4161 346 4220 in
363 4162 471 4222 ahena
490 4161 561 4220 sive
585 4177 665 4220 vasa
689 4176 821 4238 cuprea,
846 4176 920 4237 quae
944 4160 1145 4240 longitudine
1168 4165 1256 4220 sunt
1273 4173 1310 4220 10
1332 4159 1463 4238 pedum,

316 4262 487 4322 latitudine
503 4261 534 4337 8,
553 4265 587 4321 et
602 4261 775 4323 altitudine
787 4276 823 4337 3.
870 4260 908 4320 Et
925 4279 1010 4338 aqua
1027 4261 1101 4321 inde
1118 4277 1174 4339 per
1197 4261 1463 4338 evaporationem

319 4377 354 4422 12
371 4363 523 4424 horarum
541 4362 680 4440 ejicitur,
698 4362 835 4441 primum
863 4379 923 4440 ope
947 4361 1029 4439 ignis
1053 4361 1235 4435 mediocriS,
1261 4377 1364 4438 usque
1388 4360 1486 4420 dum-

315 4464 361 4524 sal
379 4462 420 4524 ad
436 4461 573 4524 fundum
591 4480 627 4523 se
644 4479 801 4542 reponere
817 4463 961 4540 incipiat.
1008 4461 1061 4524 Sal
1078 4463 1251 4542 obtentum
1275 4461 1464 4540 deportatur
