3442 5302
373 758 431 821 DE
452 757 581 824 ALIUS
603 757 782 822 GENERIS
803 755 1033 822 SPIRITIBUS
1054 757 1182 822 SALIS.
1338 781 1381 842 99

268 941 408 1022 Spiritus
423 944 501 1005 salis
517 943 621 1005 dulcis
634 944 715 1004 allas
727 959 857 1004 crocum
874 943 945 1003 auri
957 943 1069 1020 solvit;
1091 944 1270 1024 praeprimis
1286 946 1386 1008 solvit

228 1045 368 1107 corallia.

270 1143 491 1207 Hoffmannus
508 1145 619 1221 refert,
638 1146 833 1208 solutionem
851 1145 948 1220 banc,
976 1144 1168 1206 successive
1194 1148 1302 1208 calore
1320 1149 1383 1210 leni

229 1250 456 1324 evaporatam,
474 1246 577 1308 instar
594 1246 718 1307 arboris
734 1245 966 1324 philosophicae
993 1245 1095 1305 latera
1126 1245 1200 1307 vitri
1223 1248 1383 1325 pinxisse.

271 1344 458 1407 Secundum
488 1346 641 1408 Basilium
676 1347 901 1422 Valentinum,
928 1345 1058 1406 dicente
1089 1345 1163 1407 Drio
1189 1346 1381 1426 L'Emmeri,

228 1451 431 1525 praeparatur
445 1463 486 1507 ex
503 1447 686 1524 aequalibus
703 1447 850 1525 partibus
874 1447 1007 1526 spiritus
1029 1447 1108 1508 salis
1134 1453 1168 1509 et
1184 1449 1262 1526 vini,
1291 1455 1324 1511 et
1350 1452 1381 1513 in

228 1547 317 1607 vasis
333 1546 461 1608 duobus
472 1545 818 1625 conjunctis,Gallice',
830 1546 982 1610 vaisseais
994 1550 1031 1610 de
1042 1551 1200 1612 ramontre
1211 1550 1315 1628 dictis,
1325 1569 1381 1631 per

228 1648 349 1725 3vel4
371 1647 439 1707 dies
462 1647 494 1707 in
519 1649 627 1708 calore
654 1664 765 1708 arenae
790 1647 992 1726 digerantur;
1031 1649 1118 1709 unde
1135 1650 1249 1712 haberi
1265 1652 1380 1714 dicitur

227 1748 368 1826 optimus
384 1749 462 1809 salis
479 1748 624 1827 spiritus,

759 1931 852 1994 XLll.

410 2117 466 2178 DE
485 2115 608 2180 nllus
625 2115 808 2179 GENERIS
825 2115 1058 2179 SPlRlTlBUS
1074 2116 1203 2182 SnllS.

266 2250 405 2331 Spiritus
420 2252 497 2313 salis
511 2253 694 2332 coagulatus
709 2249 883 2328 Mynsr'clzti
896 2256 1111 2329 praeparatur,
1143 2253 1168 2313 si
1186 2255 1382 2334 recipiantur
1448 2307 1449 2319 ,

227 2353 357 2430 spiritus
387 2352 465 2412 salis
481 2352 675 2428 communis,
700 2356 734 2412 et
760 2352 807 2411 sal
838 2351 993 2412 absinthii
1016 2353 1220 2414 alcalisatum
1238 2357 1325 2432 ana¹,
1351 2363 1384 2419 et

226 2453 502 2514 commisceantur
518 2457 551 2513 et
563 2454 789 2530 coagulentur.
836 2451 961 2513 Dicitur
977 2453 1063 2530 quod
1086 2453 1279 2516 Rbumelius
1294 2458 1384 2535 spiri·

226 2559 294 2616 tum
312 2554 390 2614 salis
406 2553 630 2630 coagulaverit
645 2570 718 2612 cum
736 2553 805 2612 sale
822 2553 945 2614 volatili
960 2554 1094 2616 succini.

266 2654 445 2718 Secundum
461 2653 568 2715 Dium
581 2652 712 2716 Febure:
747 2651 902 2714 Sumatur
929 2658 1051 2715 retorta
1068 2657 1175 2734 ampla
1191 2657 1268 2718 salis
1281 2663 1315 2719 et
1331 2677 1382 2720 ca-

226 2773 302 2834 pax,
320 2771 394 2832 quae
411 2772 451 2814 ex
468 2754 589 2833 optima
616 2755 727 2832 argilla
744 2755 785 2815 sit
808 2759 933 2833 parata,
952 2755 1033 2816 adeo
1051 2760 1086 2816 ut
1113 2759 1197 2817 bene
1213 2765 1215 2770 '
1229 2761 1382 2822 resistere

225 2858 338 2917 valeat
352 2856 431 2934 igni;
446 2856 563 2916 collum
582 2859 713 2916 retortae
728 2856 950 2934 amplitudinis
967 2856 1008 2916 sit
1036 2871 1051 2934 3
1068 2857 1238 2935 digitorum
1266 2861 1296 2920 in
1314 2861 1382 2922 dia-

227 2964 343 3033 metro,
361 2957 486 3017 scilicet
501 2961 537 3016 ut
553 2957 641 3016 exire
658 2956 808 3034 copiatim
834 2957 959 3034 possint
975 2957 1119 3036 spiritus.
1166 2959 1198 3019 ln
1226 2966 1379 3024 retortam

228 3059 399 3119 mittantur
414 3073 434 3134 4
450 3057 540 3118 librae
557 3057 634 3117 salis
652 3057 765 3116 marini
782 3058 868 3117 bene
884 3057 1043 3135 purificati
1062 3063 1096 3119 et
1119 3059 1243 3122 siccati.
1290 3062 1382 3125 Reci-

226 3159 319 3238 piens
336 3175 396 3218 vas
412 3139 517 3236 capax
534 3159 632 3218 etiam
649 3157 837 3236 adaptetur,
856 3157 954 3234 inque
967 3158 1019 3218 illa
1035 3159 1078 3220 sit
1094 3160 1173 3220 libra
1196 3178 1290 3238 aquae
1314 3151 1394 3243 plu!

226 3259 320 3319 vialis
346 3258 533 3336 destillatae;
563 3260 709 3319 lutentur
734 3259 911 3336 juncturae,
943 3263 976 3319 et
1004 3251 1144 3321 siccetur
1175 3263 1291 3340 lutum,
1323 3267 1380 3327 sed

227 3363 384 3420 caveatur
415 3375 455 3419 ne
486 3359 577 3420 ullibi
606 3359 648 3419 sit
669 3359 796 3421 rimula.
842 3361 1009 3437 Augeatur
1031 3377 1088 3438 per
1103 3362 1224 3439 gradus
1250 3365 1332 3442 ignis
1348 3372 1382 3429 et

226 3460 359 3521 tandem
373 3459 412 3520 ad
428 3459 515 3519 illam
540 3460 784 3520 vehementiam
810 3464 845 3520 ut
867 3459 1023 3521 fundatur
1046 3461 1134 3522 intus
1157 3464 1217 3538 sal,
1240 3482 1381 3544 cumque

228 3562 288 3621 hoc
304 3559 351 3630 lit,
366 3560 584 3621 immittantur
601 3560 719 3638 aliquae
730 3561 868 3639 guttulae
880 3559 1004 3639 frigidae
1016 3578 1178 3641 aquaeope
1192 3565 1312 3642 plumae
1325 3585 1382 3646 per

175 3679 178 3685 ’
227 3662 388 3736 canalem,
405 3661 459 3739 qui
475 3661 664 3722 occludatur
677 3662 799 3722 statim.
825 3661 917 3722 Tunc
934 3663 1046 3722 videre
1058 3663 1133 3723 licet
1144 3665 1380 3729 abundantiam

226 3779 383 3841 vaporum
408 3763 439 3821 in
466 3762 675 3841 recipientem
692 3763 896 3839 intrantium,
913 3779 1053 3841 cumque
1070 3764 1230 3843 recipiens
1245 3774 1382 3846 apparet

226 3863 347 3923 clarum
364 3861 581 3923 immittendae
597 3862 703 3923 adbuc
727 3868 806 3924 sunt
832 3864 970 3942 guttulae
986 3864 1136 3942 quaedam
1163 3883 1269 3944 aquae,
1298 3869 1380 3930 alias

227 3965 385 4042 rumpitur
398 3979 458 4023 vas
469 3980 541 4023 cum
555 3963 697 4042 periculo
708 3963 882 4026 adstantis,
906 3964 1179 4044 Repetaturdicta
1192 3985 1289 4046 opera
1303 3969 1378 4031 dum

226 4081 322 4125 omne
339 4064 386 4124 sal
409 4064 441 4124 in
459 4063 605 4142 spiritum
624 4068 657 4125 et
672 4081 813 4143 vapores
836 4067 1003 4126 elevatum
1021 4067 1076 4143 sit;
1092 4072 1170 4128 tunc
1186 4069 1380 4131 adimendus
1457 4088 1461 4102 ¹

225 4163 308 4242 ignis
325 4168 377 4224 est
392 4169 426 4225 et
441 4163 662 4242 refrigeranda
679 4183 772 4246 vasa.
819 4164 939 4226 Omnis
962 4167 1064 4244 liquor
1086 4169 1139 4245 qui
1156 4168 1186 4228 in
1204 4169 1380 4248 recipiente

225 4266 377 4341 habetur,
402 4263 576 4326 filtrandus
589 4270 641 4326 est
657 4270 691 4326 et
706 4265 738 4326 in
762 4266 964 4328 cucurbitam
990 4268 1149 4343 mittatur,
1167 4273 1201 4329 et
1216 4270 1247 4328 in
1261 4269 1380 4332 balneo

227 4367 347 4427 mariae
363 4383 420 4445 per
436 4367 705 4445 evaporationem
723 4367 870 4445 ejiciatur
886 4384 970 4445 aqua
984 4368 1135 4446 pluvialis
1148 4368 1289 4447 adjecta;
1301 4371 1391 4431 resi.

226 4466 323 4528 duum
340 4467 372 4527 in
389 4468 459 4528 loco
482 4466 595 4544 frigido
612 4471 801 4546 reponatur,
820 4467 907 4527 unde
923 4469 1200 4548 cbrystallisatur;
1213 4470 1376 4531 residuum

227 4568 309 4648 quod
321 4567 558 4653 cbrystallisari
572 4567 685 4646 nequit
694 4572 892 4647 evaporetur
904 4586 1017 4633 rursus
1033 4572 1067 4629 et
1079 4569 1119 4632 ad
1133 4569 1382 4647 cbrystallisari-
