3442 5302
289 736 346 790 118
647 734 713 795 ms
736 733 861 796 sara
887 707 1125 798 commum

282 918 465 982 drachmas
482 921 510 991 3,
531 927 564 981 et
581 916 759 994 scrupulos
775 917 793 979 2
810 917 1036 991 subsidentia;
1065 916 1174 980 lovel
1191 917 1228 979 12
1245 937 1351 992 grana
1368 915 1483 978 albida

283 1019 476 1082 substantia
492 1018 598 1082 catini
614 1017 778 1081 lateribus
794 1018 828 1080 in
845 1019 918 1094 ipsa
941 1039 1052 1093 aquae
1075 1016 1318 1094 absumptione
1342 1016 1485 1080 adhaer-

283 1139 413 1182 escens
464 1121 561 1182 Dnus
577 1118 621 1181 du
638 1112 730 1182 Closl
745 1117 779 1181 in
796 1118 865 1181 suis
889 1117 1134 1193 experimentis
1150 1117 1184 1179 in
1201 1115 1343 1192 singulis
1363 1116 1484 1178 harum

284 1241 461 1296 aquarum,
478 1240 566 1295 quae
578 1227 798 1281 transvectae
814 1225 922 1288 erant,
943 1217 1067 1295 phialis
1081 1220 1119 1280 59
1133 1239 1238 1292 grana
1251 1216 1485 1279 subsidentiae

283 1317 425 1381 invenit.
474 1320 572 1381 Dr'rus
589 1317 752 1391 Geollroi,
773 1317 831 1394 qui
848 1319 987 1381 easdem
1003 1339 1111 1393 aquas
1136 1338 1245 1394 prope
1261 1316 1355 1393 ipsos
1371 1316 1486 1378 lontes

285 1419 433 1482 examini
449 1418 604 1495 subjecit,
620 1417 752 1481 invenit
768 1419 920 1495 ejusdem
938 1417 1171 1482 subsidentiae
1188 1438 1293 1493 grana
1309 1419 1363 1490 63;
1386 1426 1487 1479 autor

283 1519 415 1581 veroin
431 1517 680 1595 supputatione
694 1527 811 1581 nostra
827 1518 918 1580 idem
935 1517 1006 1580 lere
1020 1518 1172 1594 ejusdem
1190 1517 1324 1594 pondus
1341 1515 1482 1579 invenit.

284 1619 449 1683 Instituto
475 1639 579 1694 super
604 1618 656 1680 his
682 1618 884 1682 substantiis
907 1618 1155 1694 experimento
1183 1617 1363 1680 materiam
1390 1615 1484 1678 illam

284 1719 445 1792 albidam,
472 1739 561 1794 quae
584 1717 745 1782 dentibus
768 1718 849 1781 trita
873 1717 1160 1787 stridorem‘edit.
1187 1717 1272 1780 nihil
1295 1716 1388 1780 aliud
1411 1737 1485 1778 esse

283 1818 507 1896 deprehendi,
522 1840 625 1894 quam
639 1820 822 1881 alcalz'nam
834 1828 972 1894 terram,
987 1840 1064 1882 cum
1077 1818 1183 1881 acidis
1197 1818 1288 1880 enim
1301 1817 1487 1880 fermenta·

223 1919 226 1926 ’
281 1919 414 1983 tionem
451 1919 567 1982 habet.
629 1917 894 1994 Mucilagineam
939 1918 1129 1992 materiam,
1170 1917 1307 1982 bibulae
1344 1905 1485 1980 chartae

282 2020 541 2095 adhaerentem,
562 2020 715 2096 ejusdem
737 2018 808 2081 fere
833 2018 958 2082 indolis
983 2040 1057 2081 esse
1082 2019 1257 2095 judicavit,
1277 2018 1312 2080 in
1328 2018 1394 2080 hoc
1410 2016 1485 2079 solo

281 2122 326 2184 ab
349 2141 390 2183 eo
414 2120 595 2196 diversam,
615 2121 709 2195 quod
732 2119 953 2196 sulphuream
979 2119 1160 2183 materiam
1185 2140 1252 2182 una
1275 2140 1353 2182 cum
1369 2117 1485 2193 aliqua

280 2220 361 2284 ferri
378 2219 573 2296 quantitate
590 2219 728 2282 mistam
745 2219 861 2282 habet.
903 2220 1015 2296 Hujus
1029 2219 1194 2282 materiae
1207 2218 1392 2295 sulphurea
1407 2236 1486 2293 pars

280 2321 366 2384 satis
389 2319 572 2383 manifesta
596 2329 658 2393 est,
680 2341 760 2383 nam
784 2340 952 2396 papyrum
977 2319 1127 2395 unguine
1151 2319 1302 2395 quodam
1319 2316 1430 2391 illinit,
1451 2323 1487 2378 et

277 2441 410 2499 prunas
447 2419 689 2496 superinjecta,
722 2421 883 2483 ruborem
921 2419 1079 2497 primum,
1121 2440 1200 2482 mox
1229 2419 1400 2493 nigrorem
1432 2437 1488 2479 ac-

282 2521 397 2598 quirit,
427 2519 593 2583 scintillas
624 2521 791 2596 quasdam
821 2519 994 2582 emittens.
1043 2521 1096 2582 Ex
1125 2519 1190 2582 hac
1221 2517 1375 2591 materia,
1407 2526 1485 2593 post

281 2620 548 2686 calcinationem
578 2619 779 2694 nigricante,
808 2621 907 2694 ferri
936 2619 1122 2697 particulas
1151 2619 1263 2683 cultro
1290 2616 1486 2693 magnetico

278 2720 441 2784 extraxit.
494 2719 713 2782 Subsidentia
741 2719 850 2782 salina
877 2722 895 2782 3
922 2719 1104 2783 drachmas
1126 2720 1281 2795 duosque
1308 2716 1487 2794 scrupulos

284 2822 440 2898 pendens
477 2821 671 2882 lixz‘vz'alem
708 2821 812 2882 salem
849 2841 926 2882 cum
964 2830 1055 2882 terra
1093 2818 1237 2882 mixtum
1267 2816 1482 2881 continebat.

285 2922 383 2983 Dfrus
414 2913 605 2995 Seignette²
631 2929 710 2997 post
739 2919 1040 2994 diligentissimum
1071 2940 1216 2982 examen
1246 2938 1413 2994 aquarum
1443 2917 1486 2979 de
1519 2975 1521 2978 .

285 3022 460 3095 Bourbon,
480 3029 559 3096 post
582 3019 710 3082 factam
727 3019 831 3082 etiam
848 3019 1105 3095 separationem
1121 3019 1333 3082 diversorum
1349 3015 1483 3090 salium,

283 3120 455 3186 invenisse
482 3141 518 3182 se
541 3119 614 3182 sine
641 3119 873 3183 haesitatione
896 3119 955 3192 ait,
975 3122 1146 3194 aequalem
1163 3122 1277 3194 ferme
1299 3118 1430 3180 marini
1452 3125 1486 3178 et

284 3222 422 3284 alcalr'cz'
435 3221 522 3283 salis
536 3231 679 3296 partem.
710 3301 712 3305 Ι
728 3221 781 3286 Ex
799 3222 836 3283 14
852 3219 946 3282 libris
963 3241 1129 3296 aquarum
1146 3220 1188 3282 de
1203 3220 1377 3292 Bourbon,
1394 3217 1486 3280 lacta

282 3319 464 3384 sufficienti
489 3341 604 3383 earum
629 3320 886 3397 evaporatione,
907 3319 1098 3396 iisdemque
1114 3319 1148 3382 in
1164 3318 1288 3394 frigido
1304 3317 1381 3381 loeo
1398 3317 1488 3394 posi-

281 3420 337 3493 tis,
357 3420 506 3483 obtinuit
531 3419 651 3495 longas
679 3421 846 3496 quasdam
869 3419 1074 3496 chrystallos
1101 3428 1318 3496 pentagonas
1334 3425 1367 3480 et
1385 3417 1487 3479 hexa-

282 3513 417 3598 gonaS,³
432 3542 521 3596 quae
546 3529 580 3583 et
607 3521 714 3596 figura
739 3530 773 3583 et
797 3529 898 3595 gustu
915 3520 1021 3583 salem
1038 3519 1221 3583 calcarium
1238 3541 1258 3582 a
1276 3521 1355 3580 Dfio
1373 3517 1486 3580 Lister

281 3620 503 3698 descriptum.
536 3620 743 3696 referebant,
778 3641 938 3696 quaeque
975 3619 1188 3683 substiticiae
1226 3640 1266 3682 ac
1303 3617 1486 3681 subdulces

281 3732 390 3795 erant,
410 3742 451 3784 ac
477 3720 520 3784 ad
546 3719 661 3796 ignem
685 3721 819 3798 positae
843 3718 1003 3783 aluminis
1019 3719 1129 3783 instar
1142 3720 1393 3792 tumescebant,
1414 3716 1487 3780 nul-

220 3903 222 3908 ·
281 3819 352 3884 lum
369 3820 541 3884 manilesti
558 3820 656 3894 acidi,
676 3819 807 3883 nullum
824 3819 923 3883 alcali
939 3841 1099 3897 saporem
1115 3820 1294 3884 habentes,
1336 3817 1482 3893 Deinde,

281 3941 400 3985 earum
430 3921 678 3995 evaporatione
707 3920 831 3983 iterum
858 3919 960 3993 lacta,
986 3913 1204 3996 chrystallos⁴
1228 3918 1376 3982 obtinuit
1406 3917 1487 3981 salis

280 4022 418 4084 alcalz'cz'
445 4022 535 4084 satis
572 4028 743 4097 patentes
771 4041 834 4083 nec
865 4041 934 4082 non
957 4031 1141 4095 congestas
1161 4011 1376 4096 chrystallus⁶
1398 4020 1486 4082 salis

281 4123 415 4184 marini
429 4142 518 4197 quae
534 4129 606 4183 tam
623 4120 828 4184 manifestae
845 4129 953 4195 erant,
970 4129 1006 4183 ut
1023 4119 1153 4183 nullum
1170 4119 1213 4183 de
1229 4141 1346 4183 earum
1363 4128 1486 4183 natura

282 4220 423 4284 dubium
448 4241 522 4283 esse
547 4220 666 4296 possit.
722 4221 831 4283 Autor
862 4219 945 4282 nihil
976 4219 1087 4282 simile
1111 4219 1253 4292 invenit,
1288 4241 1367 4282 nam
1398 4240 1439 4281 ex
1469 4221 1487 4282 3

282 4319 455 4385 drachmis
481 4329 515 4382 et
542 4322 560 4382 2
586 4319 755 4396 scrupulis
778 4319 909 4383 salinae
932 4319 1178 4394 subsidentiae,
1206 4341 1295 4396 quae
1318 4320 1483 4390 restabat,

226 4435 227 4440 ’
280 4419 365 4483 nihil
395 4420 425 4483 ei
456 4443 518 4498 per
543 4421 778 4497 experimenta
805 4440 966 4496 separare
988 4428 1022 4483 et
1043 4440 1252 4495 cognoscere
1276 4421 1396 4484 datum
1419 4427 1483 4490 est,
