3442 5302
299 652 356 725 146
656 653 723 715 DE
746 652 873 715 SALE
897 651 1137 717 COMMUNI

828 972 957 1036 LVlll.

346 1155 565 1220 SPIRITUS
587 1155 720 1218 SALIS
742 1155 961 1233 EJUSQUE
986 1155 1339 1219 CORROSIVITAS
1363 1157 1427 1219 ET

747 1255 1035 1320 REAGENTIA.

327 1439 363 1503 Si
392 1439 532 1516 spiritus
561 1438 642 1503 salis
671 1438 947 1515 dephlegmetur,
980 1438 1035 1502 vel
1065 1439 1099 1502 in
1129 1439 1307 1504 cucurbita
1338 1439 1392 1503 vel
1425 1461 1492 1517 per

287 1539 557 1605 destillationem
581 1540 624 1604 ad
646 1539 770 1604 tertiae
794 1539 902 1617 partis
924 1539 1187 1615 remanentiam,
1208 1539 1385 1604 obtinetur
1408 1540 1490 1605 inde

288 1640 428 1718 spiritus
443 1641 487 1704 ad
503 1647 640 1716 gustum
656 1638 778 1715 dulcis;
795 1640 888 1716 quod
904 1660 985 1702 vero
997 1646 1105 1702 restat
1122 1639 1156 1704 in
1171 1639 1289 1714 lund0,
1306 1648 1358 1703 est
1375 1640 1489 1706 adhuc

233 1756 235 1760 ·
290 1740 412 1805 lortius
428 1748 461 1803 et
478 1738 603 1818 accipit
619 1739 771 1804 colorem
790 1739 927 1812 flavum,
947 1750 1052 1817 atque
1070 1738 1173 1816 priori
1190 1739 1323 1816 liquore
1339 1739 1420 1804 salis
1436 1749 1492 1804 est

257 1897 260 1902 .
292 1841 528 1918 ponderosius,

330 1944 521 2017 Argentum
550 1961 627 2004 cum
660 1939 782 2017 spiritu
808 1939 889 2002 salis
911 1939 966 2002 vel
990 1939 1062 2003 sale
1084 1939 1259 2003 communi
1284 1939 1491 2018 praecipita-

289 2050 374 2115 tum,
401 2041 508 2118 probe
531 2040 624 2104 facta
646 2038 915 2114 edulcoratione,
949 2059 1018 2102 non
1043 2039 1147 2102 modo
1171 2041 1325 2116 pondere
1351 2041 1488 2113 crescit,

289 2142 350 2204 sed
373 2150 407 2204 et
432 2139 466 2203 in
490 2139 569 2216 igne
594 2138 696 2218 plane
721 2138 897 2203 volatilem
925 2138 1034 2204 induit
1061 2147 1231 2213 naturam,
1251 2148 1288 2203 ut
1314 2140 1493 2204 crucibulo

250 2245 252 2250 '
288 2240 398 2317 ignito
421 2240 621 2317 impositum
645 2247 806 2316 exparte
830 2239 864 2302 in
888 2260 988 2302 auras
1010 2239 1175 2316 aufugiat,
1196 2261 1236 2302 ex
1260 2249 1359 2316 parte
1382 2241 1488 2304 etiam

289 2362 392 2418 poros
408 2339 572 2404 crucibuli
588 2347 761 2416 penetret;
789 2361 877 2416 quae
893 2339 1082 2403 volatilitas
1105 2339 1223 2404 statim
1247 2340 1346 2416 perit,
1366 2341 1488 2404 sicum

287 2440 495 2518 pinguedine
511 2439 565 2504 vel
581 2439 752 2503 cineribus
767 2439 959 2503 clavellatis
983 2439 1249 2517 praecipitatum
1266 2439 1350 2504 illud
1367 2439 1491 2504 lunare

289 2541 463 2605 fundatur,
514 2533 713 2603 Hoffman*

331 2641 479 2718 Spiritus
502 2639 582 2702 salis
605 2639 706 2703 solvit
733 2640 860 2703 ferrum
884 2640 918 2702 in
940 2639 1147 2704 flavedinem
1169 2639 1402 2716 rubiginosam
1419 2641 1493 2706 dia-

289 2741 440 2818 phanam
457 2739 723 2814 inconstantem,
739 2740 884 2803 decursu
899 2740 1067 2816 temporis
1078 2739 1308 2805 sedimentum
1321 2761 1485 2816 crassum,

288 2841 384 2904 vitris
399 2839 595 2903 colorandis
612 2847 743 2915 aptum,
764 2839 954 2917 deponens.

330 2942 482 3016 Cuprum
506 2961 568 3015 per
589 2960 625 3002 se
650 2939 771 3002 melius
794 2941 867 3018 ejus
889 2961 1061 3017 squamas,
1077 2939 1234 3004 dissolvit
1257 2940 1291 3003 in
1315 2939 1491 3018 deliques-

287 3049 434 3116 centem,
468 3061 537 3102 non
574 3038 897 3116 chrystallisandam
934 3039 1092 3113 formam,
1131 3039 1309 3104 humidum
1347 3063 1488 3106 aereum

287 3139 483 3203 avidissime
500 3139 737 3210 imbibentem.
757 3139 873 3203 colore
890 3140 1078 3215 gramineo.

329 3241 500 3303 Stannum
524 3239 559 3302 in
584 3239 845 3303 consistentiam
871 3239 997 3303 siccam
1021 3239 1155 3316 redigit.
1213 3239 1279 3312 Sic,
1308 3241 1485 3306 mediante

285 3339 375 3404 aceti
391 3339 566 3403 destillato
589 3339 722 3403 fortiori
739 3361 759 3403 a
775 3338 846 3402 sale
869 3341 1043 3403 communi
1066 3342 1252 3415 abstracto,
1273 3341 1349 3404 calx
1372 3341 1487 3405 stanni

284 3439 438 3512 solvitur,
458 3449 564 3515 atque
587 3439 621 3502 in
644 3439 694 3503 sal
717 3439 892 3516 redigitur,
913 3440 1005 3512 ouod
1026 3439 1167 3516 vulgato
1183 3435 1295 3504 aceto¹
1311 3440 1489 3505 destillato

285 3561 354 3604 non
377 3539 540 3613 succedit,
560 3549 736 3603 asserente
761 3539 919 3615 Glasero;
946 3540 1034 3620 bene
1050 3560 1132 3602 vero
1149 3561 1189 3602 ex
1205 3540 1346 3605 floribus
1370 3539 1487 3603 stanni

286 3661 327 3702 ex
343 3639 569 3704 detonatione
586 3661 648 3716 per
663 3639 791 3722 nitrum
810 3639 948 3716 paratis

327 3740 476 3817 Spiritus
492 3739 572 3802 salis
588 3738 743 3815 regulum
760 3739 952 3813 antimonii,
973 3747 1006 3802 et
1031 3739 1225 3817 promptius
1242 3742 1314 3818 ejus
1331 3741 1433 3804 flores
1450 3740 1485 3803 in

286 3840 434 3904 formam
459 3839 719 3916 chrystallinam
742 3839 959 3916 pellucidam,
978 3842 1023 3904 ab
1047 3862 1126 3904 aere
1152 3848 1185 3903 et
1210 3840 1289 3916 igne
1314 3841 1490 3917 deliques-

285 3950 432 4015 centem,
453 3940 634 4013 convertit,
655 3942 772 4016 butyri
794 3941 934 4004 nomine
950 3942 1043 4018 apud
1066 3940 1241 4018 chymicos
1258 3952 1392 4018 notam;
1419 3941 1488 4005 hoc

285 4050 402 4103 tamen
419 4063 438 4103 a
454 4040 586 4116 vulgari
602 4040 724 4117 spiritu
747 4062 816 4103 non
841 4042 1093 4118 expectandum
1116 4051 1179 4116 est,
1199 4043 1260 4105 sed
1284 4063 1353 4105 non
1380 4041 1444 4105 nisi
1465 4063 1487 4105 a

287 4143 394 4218 probe
410 4141 611 4204 rectificato
1238 4145 1240 4150 ’

331 4239 478 4316 Spiritus
490 4240 571 4303 salis
585 4240 752 4303 mercurio
768 4243 915 4317 junctus,
931 4262 1008 4304 cum
1025 4261 1131 4317 cupro
1148 4241 1182 4305 in
1196 4241 1324 4318 gummi
1340 4239 1488 4304 metalli-

317 4367 432 4434 *Hujus
445 4367 613 4433 paragraphi
626 4367 713 4418 verba
724 4366 755 4417 in
768 4367 897 4432 margine
910 4366 1081 4433 autographi
1095 4369 1314 4422 exstant—Eu.
