3524 5314
523 741 791 814 alemanno
814 739 1069 820 Quaunrns
1090 740 1209 804 sarrs
1314 699 1316 702 ’
1401 760 1433 803 11

293 927 443 1004 estquod
460 944 687 1005 saepenumero
698 925 765 987 falli
781 927 882 1004 possit
898 908 1060 1004 probator,
1076 927 1102 987 si
1119 931 1228 987 utatur
1242 927 1435 987 instrumen-

293 1027 334 1087 tis
349 1027 477 1088 bilance
494 1028 545 1087 vel
565 1027 660 1088 vecti.
705 1027 798 1104 Aqua
814 1027 899 1087 enim
917 1026 1121 1105 impraegnari
1145 1032 1253 1105 potest
1276 1027 1337 1087 alio
1360 1028 1437 1087 salis

292 1143 426 1204 genere,
443 1132 554 1206 potest
571 1127 664 1203 nitro,
678 1131 788 1205 potest
801 1127 938 1187 alcalino
950 1127 1104 1204 quodam,
1119 1131 1227 1206 potest
1243 1126 1323 1204 alio;
1349 1129 1437 1188 nulla

293 1213 378 1289 enim
397 1245 481 1306 aqua
497 1227 634 1288 fontana
651 1228 702 1288 vel
719 1226 861 1288 fluvialis
882 1232 948 1288 tam
973 1244 1054 1306 pura
1078 1232 1140 1302 est,
1164 1227 1240 1304 quin
1270 1228 1437 1288 contineat

292 1328 420 1406 aliquod
438 1328 515 1388 salis
539 1345 644 1406 genus
670 1328 821 1405 quamvis
837 1327 1009 1406 insipidum
1028 1328 1088 1414 sit3
1105 1330 1164 1388 hoc
1189 1333 1288 1406 auget
1311 1327 1437 1407 pondus

293 1429 376 1506 ejus,
408 1429 499 1506 sique
523 1429 668 1508 probatio
692 1444 747 1506 per
771 1428 898 1506 pondus
932 1428 1053 1488 nudum
1078 1429 1269 1504 instituitur,
1294 1435 1372 1488 tunc
1396 1445 1436 1488 ex

293 1535 470 1607 augmento
486 1530 542 1590 tali
558 1529 709 1609 ponderis
724 1529 864 1589 habetur
880 1531 1049 1606 quantitas
1066 1529 1143 1588 salis
1166 1529 1224 1589 sed
1249 1546 1312 1589 non
1335 1545 1438 1605 quan·

293 1629 370 1691 titas
381 1631 450 1708 puri
463 1630 540 1690 salis
556 1629 749 1690 communis
781 1629 874 1706 Aqua
885 1629 970 1690 enim
983 1630 1052 1708 ipsa
1066 1628 1168 1688 dulcis
1181 1630 1317 1689 multum
1330 1627 1439 1689 diflert

293 1731 448 1809 pondere,
466 1731 512 1791 sic
529 1730 627 1790 etiam
644 1746 728 1806 aqua
745 1729 849 1789 salina
860 1750 868 1806 ;
885 1747 970 1806 aqua
987 1729 1090 1790 salina
1114 1729 1262 1806 ejusdem
1287 1730 1438 1808 ponderis

295 1847 358 1892 non
375 1847 505 1910 semper
521 1831 642 1891 indicat
657 1829 876 1907 quantitatem
901 1830 977 1890 salis
1000 1830 1194 1902 communis,
1219 1848 1292 1890 nam
1317 1830 1348 1890 in
1374 1847 1437 1890 una

294 1933 341 1992 sal
352 1932 608 2013 heterogeneum
623 1931 689 1992 dari
702 1934 822 2009 potest,
834 1931 919 2007 quod
933 1936 1032 2008 auget
1042 1930 1181 2009 pondus.
1228 1930 1307 1990 llinc
1319 1931 1438 2010 optime

293 2031 472 2093 instituitur
486 2032 633 2111 probatio
646 2049 702 2111 per
715 2031 978 2110 evaporationes
993 2032 1064 2092 sive
1078 2032 1214 2106 solares,
1229 2031 1299 2091 sive
1312 2031 1438 2109 igneas;

294 2137 372 2193 tunc
389 2138 506 2193 exacte
523 2127 632 2211 potest
648 2132 808 2211 explorari
820 2136 978 2209 quantum
994 2131 1070 2192 salis
1083 2132 1260 2212 habeatur,
1275 2136 1437 2208 utetqua·

295 2233 359 2294 itas
375 2234 448 2311 ejus
464 2234 576 2294 eodem
594 2239 740 2312 tempore
757 2235 957 2313 exploratur.

852 2570 886 2632 ll.

411 2755 613 2818 PROBARE
631 2755 805 2818 TERRnll
823 2757 862 2819 ΙΝ
882 2755 975 2834 Qun
993 2755 1071 2818 SAL
1089 2757 1338 2821 REPERlTUR.

339 2942 439 3004 Terra
463 2959 537 3020 quae
559 2944 627 3003 sale
651 2947 702 3004 est
724 2943 950 3022 impraegnata,
984 2946 1188 3022 cognoscitur
1210 2948 1399 3025 plerumque
1423 2964 1441 3006 a

297 3061 432 3123 sapore;
463 3043 520 3104 sed
546 3043 708 3103 rarissime
731 3044 897 3104 invenitur
926 3050 1024 3121 terra,
1049 3063 1123 3123 quae
1145 3046 1357 3125 impraegnata
1391 3052 1442 3107 est

297 3162 376 3223 puro
393 3146 462 3205 sale
486 3144 661 3219 communi,
687 3144 743 3204 sed
767 3145 835 3204 sale
858 3145 997 3222 quodam
1023 3147 1154 3207 nitroso.
1203 3146 1292 3207 Talis
1314 3148 1464 3232 generis

297 3250 383 3306 terra
401 3245 540 3305 elixetur
557 3247 693 3324 primum
708 3244 822 3305 eodem
846 3245 940 3307 modo
955 3263 1019 3323 quo
1042 3247 1168 3307 cineres
1184 3249 1235 3308 vel
1259 3264 1323 3324 quo
1346 3253 1442 3308 terrae

299 3345 443 3408 nitrosae.
490 3345 649 3406 Lixivium
675 3343 814 3405 filtretur
836 3363 892 3423 per
908 3348 1054 3407 chartam
1073 3349 1301 3426 emporeticam
1320 3349 1443 3426 aliquo-

296 3446 371 3522 ties,
384 3447 518 3521 scilicet,
530 3450 565 3506 ut
578 3447 662 3506 bene
675 3444 861 3524 purificetur
874 3464 893 3506 a
907 3447 973 3507 suis
985 3446 1141 3526 iaecibus3
1157 3449 1231 3508 dein
1245 3454 1441 3528 evaporetur

297 3547 440 3607 lixivium
458 3546 502 3606 sic
519 3545 688 3621 filtratum,
708 3562 810 3622 usque
828 3547 903 3607 dum
921 3549 967 3608 sal
993 3548 1023 3607 in
1047 3547 1148 3610 fundo
1173 3554 1341 3629 appareat,
1367 3550 1441 3610 inde

296 3649 496 3727 exploratam
514 3648 617 3707 trabes
632 3646 850 3723 quantitatem
868 3654 901 3708 et
915 3649 1118 3725 qualitatem.

850 3969 897 4055 nr.

389 4157 645 4220 axeuonnae
664 4156 947 4234 Qunurnren
965 4156 1081 4218 snus
1100 4156 1347 4220 connunrs.

341 4346 535 4409 Difficillime
551 4345 666 4422 inquiri
683 4348 793 4422 potest
808 4345 948 4421 qualitas
961 4347 1038 4406 salis
1052 4363 1107 4425 per
1120 4347 1329 4424 probationes
1343 4347 1443 4407 mino·

299 4466 363 4524 res,
383 4465 456 4508 nam
474 4449 575 4528 primo
592 4445 709 4506 intuitu
727 4445 871 4523 speciem
890 4446 1043 4508 bonitatis
1067 4451 1214 4526 praebere
1239 4452 1359 4526 potest,
1385 4449 1442 4508 sed

298 4569 400 4631 usque
417 4555 528 4613 tamen
546 4550 576 4612 in
596 4564 655 4610 usu
679 4548 877 4610 aeconomico
901 4549 1014 4611 inutile
1038 4554 1072 4611 et
1095 4550 1226 4612 minoris
1249 4549 1342 4630 pretii
1367 4566 1442 4612 esse
