3442 5302
618 725 792 791 3311133
815 725 1002 791 Prsarum.
1322 745 1381 807 109

231 932 313 992 aqua
343 914 506 975 communi
523 912 644 974 iactam
664 913 819 989 recipiat,
855 911 983 988 Quinto.
1023 911 1107 972 Dum
1125 913 1157 972 in
1175 929 1314 992 vapores
1331 932 1378 975 re·

229 1015 378 1090 solvitur,
411 1014 631 1074 sedimentum
663 1012 760 1072 unius
790 999 914 1072 denarii
944 1012 1096 1090 ponderis
1126 1013 1166 1073 ad
1196 1015 1378 1090 quamlibet

230 1116 454 1192 aquaelibram
472 1114 587 1192 partim
613 1113 792 1191 parietibus
818 1112 913 1172 vitrei
939 1112 1041 1187 vasis,
1066 1113 1250 1191 partimque
1276 1113 1377 1176 fundo
1403 1159 1406 1165 -

229 1215 407 1276 velamenti
425 1215 464 1274 ad
481 1215 584 1276 instar
601 1215 742 1275 inbaeret
756 1212 912 1273 albissimi
929 1230 966 1272 ac
984 1213 1086 1275 veluti
1107 1214 1223 1292 gypsei
1248 1215 1375 1291 coloris,

228 1316 430 1376 tenuissimis
447 1332 483 1374 ac
501 1313 774 1393 perspicuissimis
789 1311 977 1388 filamentis,
995 1313 1248 1391 chrystallorum
1266 1315 1296 1374 in
1311 1333 1377 1376 mo·

228 1416 301 1476 dum
328 1416 530 1476 distinctum.
574 1414 681 1478 Sexto.
729 1415 913 1490 Antequam
931 1414 992 1475 hoc
1008 1414 1227 1475 sedimentum
1244 1415 1376 1493 penitus

229 1517 462 1590 exsiccaretur,
481 1515 567 1576 acuti
584 1514 661 1575 salis
677 1530 826 1593 saporem
844 1512 1052 1592 praeierebat,
1075 1514 1129 1590 qui
1149 1518 1260 1576 tamen
1284 1517 1375 1577 brevi

228 1633 436 1676 evanescens
473 1616 681 1692 granulorum
719 1630 829 1674 arenae
870 1614 1104 1692 insipiditatem
1141 1615 1373 1678 aemulabatur.

226 1716 371 1796 Septimo.
404 1715 490 1777 Cum
505 1716 618 1794 spiritu
636 1715 771 1775 victrioli
788 1712 1075 1774 effervescentiam
1093 1715 1151 1776 init
1167 1715 1272 1775 eidem
1289 1717 1372 1776 simi·

227 1817 302 1892 lem,
320 1834 417 1895 quam
435 1817 519 1877 idem
533 1816 667 1894 spiritus
680 1831 751 1875 cum
765 1815 837 1875 oleo
849 1815 962 1876 tartari
975 1815 1171 1893 aggreditur.
1204 1817 1263 1879 82⁰.
1288 1817 1372 1876 ldem

226 1918 444 1978 sedimentum
470 1915 608 1977 victrioli
624 1933 708 1992 aqua
725 1917 879 1990 solutum,
898 1914 970 1993 ejus
987 1915 1125 1976 virorem
1143 1920 1175 1976 et
1191 1916 1373 1978 claritatem

226 2018 365 2078 obscuro
381 2035 418 2077 ac
435 2016 521 2077 ssavo
538 2017 644 2076 colore
670 2015 838 2076 intensiori
865 2016 986 2077 turbat.
1029 2025 1089 2091 9¹¹.⁰.
1127 2018 1168 2077 At
1183 2033 1256 2077 cum
1279 2019 1374 2095 gallae

225 2119 367 2178 tinctura
384 2117 610 2189 commixtum,
628 2117 713 2176 banc
730 2116 838 2177 colore
855 2115 971 2175 imbuit
995 2116 1133 2176 obscure
1159 2116 1290 2191 virenti,
1309 2135 1374 2178 ma-

226 2219 307 2278 teria
323 2218 463 2294 quadam
481 2217 612 2277 cinerea
628 2215 765 2277 fundum
783 2220 932 2294 petente,
949 2233 1055 2294 gypso
1071 2216 1177 2292 simili,
1193 2233 1257 2294 quo
1274 2219 1371 2278 etiam

225 2321 382 2396 gallorum
400 2319 544 2378 tinctura
561 2317 704 2378 diluitur.
752 2327 835 2384 roffi-⁰.
871 2315 936 2376 Hoc
954 2316 1087 2377 elidem
1113 2317 1266 2395 praestitit
1289 2318 1372 2379 idem

225 2419 444 2479 sedimentum
462 2418 710 2496 diligentissime
727 2416 951 2477 edulcoratum
965 2417 1117 2494 omnique
1128 2419 1245 2486 saleac
1258 2436 1374 2498 sapore

227 2519 442 2579 denudatum.
492 2529 573 2580 rrffi0.
591 2516 746 2597 Gypsum
764 2517 861 2578 etiam
881 2517 1041 2595 reperitur
1057 2518 1140 2578 circa
1167 2519 1235 2579 loca
1262 2536 1375 2597 supra·

226 2620 302 2680 dicti
318 2619 427 2680 balnei
444 2618 564 2680 vicina.
611 2629 693 2681 122120.
731 2617 787 2679 1113
814 2635 892 2678 ν31ο
913 2618 1109 2678 tenuissima
1126 2635 1162 2678 ac
1180 2619 1375 2698 perspicuis-

225 2720 307 2781 sima
323 2719 505 2794 filamenta,
537 2720 622 2781 talco
644 2717 860 2779 eliormantur
891 2718 926 2778 in·
951 2719 1092 2778 stamina
1109 2719 1258 2796 quaedam
1286 2719 1371 2797 tuso,

226 2821 323 2899 vulgo
346 2819 477 2899 Speclzio
497 2819 636 2881 d'Asino
655 2819 752 2893 dicta,
770 2819 864 2897 cujus
876 2817 1078 2879 feracissima
1092 2824 1144 2879 est
1156 2819 1373 2882 circumstans

224 2922 334 2982 tellus.
384 2921 462 2998 13⁸2.
503 2921 608 2997 Aqua,
631 2937 695 2997 qua
711 2919 751 2979 ad
768 2919 999 2998 insipiditatem
1017 2935 1120 2996 usque
1147 2919 1371 2982 edulcoratum

224 3026 276 3082 est
292 3023 397 3100 ipsum
415 3020 648 3095 sedimentum,
667 3036 723 3097 per
739 3021 887 3080 chartam
905 3021 1055 3098 trajecta,
1081 3020 1128 3080 331
1153 3036 1305 3098 gemmae,
1324 3023 1371 3082 sal

224 3137 398 3182 commune
414 3120 575 3192 exhibuit,
593 3136 711 3199 sapore
728 3124 762 3180 et
777 3120 891 3180 cubica
906 3118 1009 3197 figura
1033 3120 1165 3180 obvium
1173 3141 1181 3196 ;
1204 3121 1251 3182 uti
1272 3123 1370 3183 etiam

223 3222 270 3282 sal
289 3221 407 3282 nitrum
436 3221 593 3298 exagonis
609 3218 800 3298 chr'ystaliis
816 3225 850 3280 et
865 3224 961 3281 acuto
977 3219 1117 3297 quodam
1133 3219 1305 3298 frigorifico
1321 3240 1371 3283 33-

222 3340 300 3401 pore
318 3320 542 3397 manifestum,
560 3320 644 3398 quod
662 3321 736 3382 vitri
751 3320 930 3399 parietibus
951 3320 1050 3381 3113111
1078 3321 1245 3382 inbaerens
1260 3339 1371 3384 occur-

224 3423 274 3499 rit,
295 3439 381 3482 nexu
407 3421 548 3498 quodam
575 3438 633 3481 seu
661 3425 819 3482 contextu
846 3419 1086 3482 filamentorum
1111 3420 1248 3483 iundum
1276 3439 1370 3484 occu-

222 3528 335 3603 pante.
383 3525 458 3597 rat-0.
491 3521 570 3582 Huic
588 3538 683 3599 aquae
699 3521 872 3600 singularis
887 3521 938 3581 vis
953 3522 1052 3596 inest,
1064 3522 1139 3582 alba
1150 3522 1251 3583 lintea
1263 3524 1369 3584 colore

221 3625 306 3685 inter
322 3622 445 3683 ssavum
464 3626 497 3682 et
513 3623 746 3699 aeruginosum,
765 3638 860 3700 aquae
877 3621 1013 3682 victrioli
1029 3622 1060 3682 in
1074 3626 1217 3698 modurn,
1229 3623 1368 3702 tingere,

220 3725 356 3803 ipsaque
383 3740 463 3783 saxa
491 3722 599 3782 balnei
626 3721 726 3783 fundo
752 3723 865 3784 indita.
914 3725 991 3800 15²2.
1031 3720 1128 3782 Circa
1143 3723 1298 3801 parietes
1315 3724 1370 3801 qui

222 3839 379 3909 aquarum
398 3822 569 3901 superficie
586 3824 792 3901 perluuntur,
810 3823 997 3884 substantia
1012 3823 1161 3902 quaedam
1175 3806 1279 3884 haeret
1305 3824 1370 3884 vic·

222 3925 335 3987 triolici
352 3924 479 3998 coloriS,
498 3924 688 4000 saporisque
716 3923 839 3985 austeri
866 3928 900 3985 et
927 3923 1058 4002 stiptici.
1107 3924 1182 3986 16¹2.
1227 3923 1368 3985 Demum

222 4030 384 4086 unctuosa
395 4023 545 4100 quaedam
559 4024 695 4084 materia
708 4025 768 4084 hac
782 4041 867 4101 aqua
879 4024 1023 4100 vehitur,
1037 4040 1101 4100 qua
1111 4023 1257 4102 perlusa,
1271 4025 1371 4086 tellus

222 4127 267 4186 ita
283 4123 448 4200 oblinitur,
478 4129 512 4184 ut
538 4109 687 4201 glissenti
714 4124 787 4202 pedi
813 4124 919 4185 calcar
940 4123 1090 4186 ad'datur.
1136 4123 1182 4183 Ex
1199 4125 1371 4186 recensitis

223 4227 274 4287 bis
290 4224 579 4286 observationibus
601 4224 766 4285 concludit
787 4224 837 4285 bis
862 4224 956 4302 aquis
980 4224 1090 4285 inesse
1116 4223 1174 4287 Sar
1198 4241 1367 4296 commune,

222 4326 351 4398 nitrum,
378 4327 506 4396 iolcum,
529 4331 662 4405 gypsum
688 4330 746 4386 aut
762 4327 875 4387 terram
890 4324 993 4388 albam
1011 4341 1048 4385 ac
1065 4323 1243 4387 victriolum
1260 4325 1368 4390 simul.

223 4426 309 4488 Cum
326 4431 437 4487 autem
454 4425 616 4486 thermale
632 4427 679 4487 sal
696 4425 805 4504 ignitis
822 4426 950 4486 laminis
971 4425 1140 4487 admotum
1157 4409 1368 4503 accendatur,

221 4527 307 4592 haud
324 4543 410 4604 aegre
432 4525 594 4588 evincitur
620 4526 725 4592 eidem
748 4527 858 4592 inesse
878 4526 990 4592 liorem
1017 4523 1181 4606 quendam
1208 4517 1370 4608 sulphuris
1439 4542 1441 4546 ’
