3442 5302
424 709 491 772 DE
512 708 653 774 LOCIS
679 709 764 773 UBI
784 709 876 774 SAL
898 708 1182 772 REPERITUR
1348 719 1401 778 151

206 892 383 966 fluviatile‚
401 891 560 968 lacustre‚
579 894 761 957 fontanum
784 900 843 956 aut
867 890 1005 969 puteale
1021 890 1123 966 desit;
1147 911 1259 968 neque
1274 890 1309 953 in
1325 911 1408 966 gen-

208 994 336 1059 erando
348 991 457 1056 fossili
473 992 536 1057 fuit
550 991 631 1058 alibi
646 991 821 1058 liberalior
832 1001 965 1057 natura.
1007 991 1122 1068 Quid?
1145 992 1238 1068 quod
1250 989 1343 1054 aliud
1358 990 1409 1053 in-

205 1114 309 1171 super
332 1114 440 1168 genus
462 1112 532 1157 non
559 1092 677 1170 paucis
703 1092 737 1156 in
760 1091 844 1156 locis
868 1113 886 1156 e
906 1101 998 1156 terra
1021 1091 1230 1169 percolatum
1257 1089 1408 1168 lymphis

207 1202 349 1274 paratur
371 1193 512 1260 inferior
533 1193 684 1272 reliquis,
703 1193 940 1270 formaturque
957 1191 991 1257 in
1007 1192 1191 1258 crassiores
1214 1191 1404 1270 placentas
1512 1221 1516 1228 ·

206 1302 443 1372 nuncupatum
481 1293 589 1372 patris
626 1294 765 1358 nomine
800 1293 1028 1371 thayaholli.
1092 1293 1184 1369 Quid
1216 1293 1328 1356 dicam
1362 1292 1405 1357 de

206 1394 279 1459 sale
300 1404 426 1459 vocato
449 1395 547 1470 Ind0,
567 1395 660 1471 quod
683 1393 885 1458 saccharum
909 1393 1130 1470 antiquorum
1156 1413 1230 1456 esse
1255 1399 1404 1468 constat,

206 1505 267 1560 aut
290 1497 333 1560 de
358 1495 482 1570 Mucia,
516 1493 681 1558 Alatrone
704 1502 738 1557 et
763 1493 926 1558 Alaxatro
948 1493 1100 1558 vocatis?
1125 1493 1183 1570 qui
1210 1491 1300 1556 sales
1325 1501 1406 1556 sunt

207 1595 330 1660 factitii
354 1604 389 1659 et
412 1594 667 1659 familiarissimi
692 1615 812 1658 omnes
836 1593 915 1658 huic
937 1593 1021 1659 orbi.
1071 1595 1266 1658 Generatur
1289 1600 1406 1657 autem

206 1695 257 1760 sal
284 1717 324 1759 ex
351 1695 556 1772 quibusdam
583 1693 664 1758 salis
690 1695 838 1759 fontium
865 1693 973 1771 aquis
1004 1693 1120 1758 multis
1147 1693 1403 1770 erumpentium

207 1795 301 1871 locis,
321 1795 544 1872 conjectis'in
566 1795 735 1861 cavitates
759 1796 926 1872 quasdam
942 1804 1016 1859 arte
1033 1803 1182 1872 paratas
1202 1793 1283 1858 salis
1299 1815 1407 1869 genus

208 1895 389 1973 optimum,
423 1894 671 1959 humidioribus
705 1895 860 1973 partibus
890 1917 910 1959 a
939 1894 1021 1959 solis
1050 1893 1165 1958 calore
1203 1893 1407 1970 consumtis;

208 1994 348 2072 reliquis
371 2015 453 2058 vero
477 1995 518 2058 ad
547 2003 706 2059 naturam
732 2003 880 2058 terream
898 1995 1013 2072 potius
1042 1994 1297 2068 accedentibus
1327 2014 1405 2057 cum

207 2095 372 2160 nonnulla
395 2116 506 2171 aquae
528 2094 687 2171 portione
708 2095 848 2158 coactis.
897 2095 956 2158 Sal
978 2116 1060 2159 vero
1084 2103 1142 2158 aut
1166 2093 1293 2158 nitrum
1313 2094 1406 2170 quod

205 2194 378 2270 colligitur
401 2193 645 2271 deraditurque
669 2215 709 2257 ex
732 2194 831 2258 alveo
855 2193 1022 2272 pallustri,
1042 2194 1166 2272 pluviis
1190 2193 1406 2258 cessantibus

206 2304 395 2370 arescente,
426 2304 462 2359 ut
489 2294 684 2358 aterrestri
712 2295 871 2372 portione
897 2305 1086 2373 separetur,
1121 2302 1315 2358 maceratur
1344 2293 1405 2356 im·

208 2395 326 2472 primis
349 2417 390 2458 ex
412 2416 513 2471 aqua,
533 2415 573 2459 ac
595 2394 767 2458 residente
790 2404 881 2459 terra
898 2395 1042 2472 liquata;
1066 2395 1203 2458 tenuior
1225 2415 1304 2471 pars
1327 2415 1405 2458 cum

206 2493 348 2572 lympha
371 2495 445 2559 fluit
469 2517 531 2572 per
545 2495 684 2559 canales
699 2496 745 2559 ad
766 2493 905 2573 hydrias
921 2517 938 2558 e
955 2495 1079 2572 quibus
1104 2496 1263 2559 desumta
1278 2493 1313 2558 in
1328 2515 1407 2558 cav-

148 2597 151 2604 '
206 2594 310 2659 itates
326 2594 520 2672 praedictas
536 2595 746 2673 dispertitur,
763 2596 820 2660 ubi
835 2595 868 2658 vi
884 2595 966 2659 solis
981 2594 1015 2659 in
1032 2593 1139 2660 salem
1156 2594 1235 2658 coit.

772 2865 846 2928 LX.

423 3050 489 3116 DE
513 3049 654 3112 LOCIS
679 3049 761 3114 UBI
787 3049 876 3111 SAL
899 3049 1193 3113 REPERITUR

190 3325 191 3328 Ἴ
250 3235 289 3297 In
320 3231 545 3296 Bresslausch
577 3234 701 3295 Natur-
723 3233 792 3296 und
817 3231 1192 3308 Medium-geschichte,
1219 3231 1300 3296 anni
1327 3233 1407 3298 1722

208 3335 317 3398 Mens
337 3336 436 3408 Aug„
456 3333 603 3396 habetur
623 3331 778 3396 recensio
802 3331 956 3396 locorum
979 3332 1036 3396 ubi
1059 3331 1109 3396 sal
1133 3332 1289 3407 habetur,
1309 3341 1346 3396 ut
1362 3334 1407 3396 ad

208 3477 398 3547 Allendorl¹
414 3483 448 3546 in
466 3482 600 3546 Hassia.
715 3471 717 3474 ⁵
836 3482 949 3546 Belitz
963 3482 998 3545 in
1015 3475 1325 3558 Brandenburgia.³

149 3660 152 3666 1
208 3582 311 3648 Alten
328 3581 444 3646 Saltza
461 3583 494 3646 in
512 3582 671 3646 Meissen.
835 3581 1009 3657 Bibergeil
1026 3583 1059 3645 in
1076 3581 1305 3659 Westphalia.

207 3685 406 3759 Antequera
422 3682 456 3744 in
473 3683 636 3746 Granada
652 3681 686 3744 in
703 3682 781 3745 His·
835 3683 1030 3746 Bodenleld
1045 3704 1089 3746 an
1106 3684 1151 3747 W
1155 3703 1238 3744 eser.

293 3777 422 3859 pan·ia.²
835 3776 980 3847 Bosern⁴
995 3782 1029 3845 in
1047 3782 1181 3844 Misnia.

208 3881 343 3960 Apolda
359 3881 394 3944 in
412 3881 621 3958 Weymaria.
835 3883 969 3946 Bracke
985 3881 1020 3945 in
1037 3882 1169 3946 Silesia.

208 3984 327 4047 Artem
343 3981 377 4044 in
395 3981 577 4062 Mansield.
839 3978 1025 4053 [Brasilien
1042 3979 1278 4054 in.America.]

207 4080 468 4146 Aschersleben.
835 4083 1009 4158 Bretagne
1025 4081 1060 4145 in
1077 4081 1200 4145 Gallia.

207 4182 375 4246 Astracan
391 4181 426 4243 in
443 4181 630 4245 Muscovia.
835 4175 1003 4245 Calomei⁶
1018 4182 1052 4245 in
1069 4181 1216 4244 Prussia.

169 4287 172 4296 ¹
207 4281 363 4344 Auleben
379 4281 413 4344 in
429 4281 629 4356 Thuringia.
835 4284 945 4359 Camp
961 4282 996 4345 in
1013 4281 1227 4345 Pomerania.
1327 4286 1333 4297 ‘

209 4380 420 4444 B'arensdori
435 4381 469 4444 in
487 4381 676 4456 Brunswig.
834 4383 1003 4446 Canstadt
1018 4382 1053 4445 in
1070 4374 1377 4456 Wurtemburgia.⁶
