3442 5302
606 687 721 757 FONS
737 687 1019 756 sebricfillsls
1330 705 1387 772 103

234 877 416 939 continere.
463 875 624 940 lnstillato
640 878 711 938 oleo
728 877 841 939 tartari
868 894 925 956 per
952 876 1142 954 deliquium,
1171 878 1387 957 perspicuitas
1499 950 1502 957 Ι

234 976 472 1056 quodammodo
489 980 686 1039 conturbata
703 977 776 1053 fuit,
793 978 879 1055 quod
896 995 1026 1056 semper
1043 975 1111 1038 fieri
1129 979 1225 1054 solet,
1248 979 1274 1039 si
1298 980 1386 1057 quic·

232 1095 329 1156 quam
341 1083 439 1139 terrae
450 1078 599 1138 calcariae
610 1078 642 1138 in
653 1078 727 1139 sinu
740 1094 834 1156 aquae
845 1078 1019 1141 delitescit.
1054 1077 1202 1139 Tandem
1216 1079 1256 1140 ad
1267 1097 1390 1159 evapo-

235 1178 392 1239 rationem
417 1183 567 1254 ventum,
593 1195 657 1255 qua
685 1179 790 1239 lenius
817 1179 1059 1254 administrata,
1087 1197 1128 1239 ex
1155 1180 1236 1239 libra
1262 1180 1387 1242 medica

233 1277 407 1338 drachmas
419 1278 502 1339 duas
519 1283 553 1340 et
569 1279 692 1356 aliquot
704 1296 806 1357 grana
822 1279 962 1340 obtinuit
978 1279 1057 1339 salis
1068 1279 1170 1339 amari
1183 1285 1310 1340 naturae
1321 1297 1387 1340 me·

233 1377 306 1455 diae,
338 1377 424 1456 quod
453 1377 674 1441 Ebslzamensis
704 1378 880 1460 Anglicani
910 1380 1103 1440 notatiorem
1140 1379 1384 1440 similitudinem

234 1478 391 1539 habebat.

276 1576 362 1640 Cum
380 1579 534 1641 solertius
550 1584 762 1640 excuteretur
778 1579 1024 1657 circumjectum
1038 1581 1142 1642 solum
1158 1585 1190 1641 et
1203 1580 1291 1642 teria
1303 1580 1384 1642 fonti

233 1679 426 1758 propinqua,
444 1679 538 1740 aliam
557 1680 663 1740 adhuc
681 1680 803 1740 salsam
822 1685 855 1740 et
871 1697 1015 1740 amaram
1033 1681 1218 1741 scatebram
1236 1682 1323 1742 haud
1340 1683 1384 1742 ita

232 1779 355 1858 pridem
373 1779 583 1840 detexerunt.
632 1778 713 1840 Salit
740 1781 823 1856 haec,
852 1797 938 1840 vena
965 1780 1140 1842 admodum
1168 1783 1323 1859 benigna,
1351 1784 1382 1843 in

233 1879 360 1959 patenti
377 1897 454 1959 agro
476 1880 515 1941 ad
538 1897 656 1959 pagum
683 1879 916 1959 Seydschiitz,¹
934 1885 967 1940 et
993 1897 1056 1940 non
1079 1882 1123 1940 ita
1146 1899 1263 1960 magna
1286 1883 1382 1944 inter·

232 1981 390 2059 capedine
406 1999 425 2041 a
441 1979 622 2041 Sedlicensi
640 1979 774 2056 recedit,
792 1982 890 2041 situm
907 1987 1018 2041 autem
1044 1983 1172 2042 obtinet
1198 1984 1258 2042 hac
1285 1986 1382 2061 paulo

231 2081 390 2156 altiorem,
408 2086 443 2142 et
468 2099 563 2160 sapor
591 2081 755 2142 intensius
780 2064 965 2141 amaricans
992 2082 1159 2160 magisque
1187 2084 1294 2144 salsus
1321 2093 1383 2146 est.

232 2181 403 2242 Elementa
419 2181 548 2259 quidem
576 2181 743 2260 ipsiusque
765 2182 843 2241 salis
865 2181 989 2242 indoles
1005 2181 1035 2241 in
1054 2187 1192 2259 utroque
1207 2181 1299 2244 ionte
1317 2202 1379 2246 non

230 2283 429 2362 discrepant,
447 2284 504 2342 sed
522 2283 675 2342 examine
692 2280 791 2357 iacto,
810 2282 925 2341 eadem
943 2283 1040 2342 ambo
1065 2283 1223 2343 exhibent
1248 2286 1380 2362 phoeno-

231 2400 342 2459 mena,
365 2382 525 2461 posterior
552 2387 665 2442 tamen
694 2383 744 2442 hic
772 2383 933 2460 tantisper
961 2382 1143 2442 uberiorem
1160 2384 1238 2444 salis
1254 2387 1379 2464 copiam

229 2485 331 2560 vehit,
349 2488 383 2544 et
398 2481 640 2543 libraemedicae
656 2481 811 2561 pondere,
826 2483 926 2560 2ejus
938 2482 1110 2543 drachmas
1121 2499 1194 2544 cum
1207 2498 1244 2545 10
1255 2487 1378 2564 granis,

229 2589 262 2645 et
278 2588 375 2645 terrae
391 2583 540 2644 calcariae
555 2583 726 2644 tenerioris
741 2599 842 2660 grana
858 2582 878 2643 6
893 2583 1127 2661 complectitur.

271 2683 485 2763 Comparatio
501 2683 600 2744 etiam
618 2683 770 2744 instituta
794 2682 855 2743 iuit
881 2683 965 2742 inter
992 2684 1038 2743 sal
1067 2684 1126 2744 hoc
1153 2682 1254 2746 fontis
1276 2685 1378 2747 Sedli-

227 2785 336 2846 censis
352 2789 385 2844 et
401 2784 448 2844 sal
467 2783 682 2863 hnglicanum
699 2786 751 2844 vel
777 2782 876 2845 fontis
902 2783 1131 2862 [Epsomensis
1146 2786 1234 2862 sive]
1255 2769 1378 2848 Ebsha·

230 2887 364 2960 mensis,
392 2884 477 2962 quod
499 2888 566 2944 tam
590 2885 727 2944 multum
751 2889 880 2962 purgat,
908 2884 948 2943 de
973 2900 1037 2961 quo
1064 2884 1210 2946 Medicus
1237 2887 1375 2965 Angliae,

229 2985 324 3046 Drius
341 2983 456 3059 Grew,
475 2984 667 3064 conscripsit
683 2984 841 3045 libellum.
888 2982 1042 3044 Paratum
1065 3001 1082 3044 e
1098 2983 1190 3045 fonte
1204 2985 1379 3051 Sedlicensi

226 3088 273 3147 sal
290 3085 406 3147 coloris
423 3089 475 3145 est
490 3084 593 3164 opaci,
619 3084 707 3145 nivei
728 3089 761 3144 et
787 3085 881 3161 quasi
903 3084 1013 3162 iactei;
1045 3085 1270 3147 Ebshamense
1298 3105 1376 3149 vero

225 3187 346 3264 majore
363 3185 485 3264 gaudet
500 3184 724 3264 pelluciditate
741 3193 774 3244 et
790 3185 988 3262 aquositate,
1001 3185 1086 3245 unde
1097 3187 1195 3246 etiam
1212 3189 1376 3264 gravitate

225 3284 377 3367 specifica
394 3283 584 3346 Sedlicense
601 3284 780 3360 antecellit,
793 3289 826 3344 et
838 3284 940 3346 multo
951 3285 1131 3364 promptius
1148 3287 1373 3368 humiditatem

225 3405 266 3448 ex
282 3403 358 3448 aere
375 3385 513 3448 imbibit.
559 3383 612 3446 Sal
630 3382 820 3445 Sedlicense
836 3388 903 3445 tam
930 3385 962 3444 in
979 3402 1063 3462 aqua
1089 3387 1246 3463 solutum,
1273 3406 1371 3466 quam

224 3487 325 3550 solida
352 3485 467 3561 torma,
490 3489 587 3565 gustu
605 3485 823 3563 exploratum,
840 3501 956 3563 sapore
979 3485 1149 3564 insigniter
1174 3505 1285 3550 amaro
1308 3507 1372 3551 non

224 3590 329 3652 solum
348 3587 564 3664 Anglicanum
582 3590 728 3665 superat,
747 3585 919 3646 sedetiam
938 3585 1032 3646 simul
1060 3604 1210 3666 saporem
1237 3606 1376 3651 nauseo·

223 3706 295 3750 sum
312 3687 459 3749 exhibet.
506 3685 685 3747 Crucibulo
701 3686 800 3764 ignito
816 3686 951 3764 injecta,
968 3687 1065 3748 ambo
1077 3686 1373 3764 fluunt,etutrum·

222 3807 285 3868 que
302 3787 465 3849 dimidiam
483 3787 533 3847 sui
549 3791 675 3865 partem
693 3786 724 3846 iu
742 3787 872 3865 vaporis
888 3787 984 3864 aquei
1005 3785 1110 3848 iorma
1135 3789 1268 3868 amittit,
1291 3790 1372 3852 iluor

222 3907 301 3950 vero
318 3888 367 3949 hic
385 3888 513 3966 igneus,
530 3887 563 3947 in
580 3884 760 3947 Sedlicensi
777 3886 1021 3966 limpidissimus
1037 3893 1071 3948 et
1086 3905 1181 3966 aquae
1197 3890 1322 3968 similis,
1340 3893 1372 3954 in

221 3989 414 4070 Epsoniensi
429 3992 541 4049 autem
566 3987 669 4064 magis
690 3992 792 4047 tenax
815 3992 867 4048 est
889 3992 989 4065 atque
1015 3989 1218 4051 lentescens,
1264 3990 1372 4053 Recti-

219 4089 430 4152 iicatissimus
447 4087 513 4148 vini
529 4088 661 4167 spiritus
681 4087 884 4165 [utriusque]
906 4105 946 4148 ne
962 4105 1099 4166 granum
1116 4089 1244 4167 quidem
1262 4092 1372 4153 absor-

222 4195 289 4252 bet.
336 4189 518 4266 Utrumque
534 4189 582 4248 sal
599 4205 672 4248 cum
690 4188 854 4248 cineribus
869 4189 1054 4250 clavellatis
1081 4194 1115 4250 et
1139 4191 1276 4269 pulvere
1302 4209 1370 4252 car·

219 4294 341 4354 bonum
363 4290 395 4349 in
423 4288 588 4349 crucibulo
615 4288 715 4366 ignito
741 4288 851 4348 debite
873 4293 1064 4364 tractatum,
1088 4306 1231 4351 massam
1257 4292 1369 4371 hepati
1389 4335 1394 4344 .

219 4390 384 4471 sulphuris
401 4389 553 4449 aemulam
571 4388 717 4466 largitur3
742 4405 871 4466 magma
888 4406 968 4450 vero
995 4406 1036 4448 ex
1058 4391 1127 4450 sale
1150 4390 1368 4453 Ebshameusi

217 4496 381 4575 paratum,
399 4490 426 4551 si
441 4505 536 4570 aquae
552 4489 706 4570 injicitur,
729 4488 868 4550 eandem
895 4490 990 4570 longe
1015 4489 1183 4551 intensiori
1206 4491 1368 4556 viriditate
