3442 5302
630 691 784 768 AQUAE
809 692 1037 758 GALLICAE
1371 706 1432 767 117

228 884 292 950 est,
311 875 406 952 quod
428 896 497 938 non
515 875 624 938 multo
648 882 726 952 post
742 875 776 938 in
792 875 928 950 coaguli
944 875 1151 940 albescentis
1173 876 1321 940 formam
1345 899 1430 954 prae-

227 975 410 1052 cipitatum
421 985 484 1039 est.
526 974 661 1039 Solutio
674 995 860 1053 cuperosae,
875 997 951 1052 quae
964 975 1137 1040 nascentis
1149 976 1266 1040 viridis
1277 976 1430 1040 colorem

228 1076 391 1152 habebat,
411 1097 489 1141 cum
512 1077 714 1142 balneorum
731 1077 829 1153 aquis
845 1075 961 1150 mixta,
980 1098 1058 1142 eam
1074 1077 1193 1141 statim
1209 1077 1299 1141 flavo
1315 1077 1431 1142 colore

229 1175 341 1252 tinxit,
361 1176 485 1240 deinde
501 1176 536 1239 in
552 1176 679 1240 floccos
694 1176 833 1252 coaluit,
853 1177 921 1253 qui,
942 1177 1035 1240 lente
1051 1177 1238 1242 admodum
1262 1177 1432 1256 praecipi·

228 1276 302 1351 tati,
335 1277 497 1340 ruborem
519 1277 670 1340 induere.
745 1277 830 1340 Haec
852 1298 942 1354 aqua
966 1277 1094 1340 nullam
1118 1276 1317 1355 heliotropii
1339 1277 1430 1342 solu-

228 1376 323 1440 tione
339 1375 464 1440 coloris
480 1375 709 1440 mutationem
724 1377 877 1455 suscipit.
927 1376 1014 1440 Cum
1030 1386 1131 1441 aceto
1146 1376 1332 1452 destillato,
1352 1399 1430 1441 curn

229 1476 328 1540 acido
340 1475 523 1553 sulphuris
538 1475 682 1552 aliisque
695 1476 802 1561 acidis
815 1477 926 1549 mista,
943 1476 1180 1541 ebullitionem
1195 1477 1432 1541 fermentatio-

229 1597 379 1653 nemque
392 1576 506 1639 habet.
542 1575 717 1640 Caeruleus
730 1597 890 1653 papyrus,
906 1598 966 1653 per
976 1575 1123 1640 victrioli
1136 1576 1293 1654 spiritum
1305 1578 1431 1640 rubens

226 1676 349 1749 iactus,
384 1675 419 1739 in
449 1676 513 1739 hac
543 1675 648 1750 etiam
679 1698 769 1752 aqua
799 1676 950 1740 colorem
980 1698 1079 1740 suum
1109 1676 1265 1754 acquirit.
1315 1677 1431 1740 Pulvis

230 1798 356 1840 nucum
395 1775 584 1850 Gallarnm‚
611 1775 740 1839 nullam
778 1776 856 1840 huic
885 1798 983 1853 aquae
1013 1776 1256 1840 alterationem
1286 1777 1427 1841 inducit.

230 1878 315 1940 Haec
343 1872 464 1952 [aqua]
485 1897 649 1953 syropum
665 1875 833 1939 violarum
850 1875 942 1938 floris
959 1876 1017 1939 lini
1033 1875 1149 1940 colore
1165 1876 1278 1952 tingit.
1327 1876 1431 1941 Mista
1480 1901 1483 1906 ·
1532 1929 1536 1940 .

228 1998 305 2041 cum
329 1997 484 2039 rosarum
509 1977 803 2039 Damascenarum
819 1975 970 2039 tinctura
985 1977 1058 2039 sine
1076 1976 1144 2040 ullo
1160 1977 1260 2040 acido
1270 1986 1430 2042 extracta

228 2098 305 2140 eam
329 2075 414 2138 nihil
437 2075 575 2150 alterat;
605 2075 707 2139 mista
730 2096 812 2139 vero
828 2097 905 2139 cum
922 2077 1043 2139 eadem
1059 2076 1209 2140 tinctura
1225 2076 1346 2154 spiritu
1363 2077 1433 2142 vic-

227 2175 319 2240 trioli
341 2175 444 2251 iacta,
465 2175 661 2252 elegantem
685 2175 716 2238 ei
740 2197 949 2252 purpureum
973 2175 1123 2239 colorem
1140 2177 1238 2241 indit.
1287 2179 1340 2240 Ex
1357 2176 1432 2254 qui-

219 2278 291 2354 bus
315 2275 559 2352 experimentis
580 2276 761 2340 deducitur
783 2275 867 2339 nihil
891 2275 983 2340 aliud
1006 2276 1058 2339 his
1079 2277 1179 2352 aquis
1195 2277 1308 2340 inesse
1325 2299 1429 2354 quam

228 2378 332 2440 salem
359 2378 547 2439 alcalicum.
603 2379 737 2452 Aquam
765 2375 967 2440 balneorum
995 2377 1112 2453 pondo
1140 2378 1177 2439 12
1204 2376 1367 2440 librarum
1394 2377 1428 2439 in

228 2477 343 2541 catino
359 2487 473 2540 terreo
490 2476 585 2540 lento
608 2476 686 2552 igne
710 2478 967 2554 evaporandam
992 2477 1073 2554 poni
1088 2477 1196 2554 jussit.
1246 2477 1372 2541 Statim
1389 2499 1430 2541 ac

229 2578 340 2641 calere
364 2576 478 2654 coepit,
498 2597 619 2653 sapam
643 2575 747 2640 oluit.
788 2578 866 2652 Quo
891 2576 999 2653 magis
1022 2577 1146 2650 humor
1166 2579 1425 2652 absumebatur,

231 2698 272 2740 eo
287 2685 388 2752 gustu
405 2675 527 2740 salsior
542 2676 656 2740 fiebat.
698 2675 935 2753 Vaporatione
952 2676 1058 2752 finita,
1074 2677 1245 2740 terrestris
1261 2677 1432 2753 quaedam

228 2777 342 2841 albida
358 2797 398 2840 ac
414 2775 562 2854 insipida
578 2777 741 2839 materies
755 2776 861 2840 catini
878 2776 1043 2840 lateribus
1058 2777 1226 2852 adhaesit,
1243 2798 1331 2853 quae
1348 2777 1432 2840 den-

227 2876 319 2941 tibus
348 2876 429 2940 trita
455 2876 639 2953 strepitum
667 2878 802 2940 edebat.
851 2877 1049 2953 Liquorem,
1076 2878 1120 2940 ad
1144 2881 1164 2940 8
1187 2876 1242 2940 vel
1264 2879 1283 2940 9
1310 2876 1429 2940 uncias

227 2976 492 3054 consumptione
515 2977 704 3049 redactum,
734 2976 885 3048 filtravit,
914 2998 954 3040 ac
980 2977 1087 3040 densa
1115 2977 1285 3053 quaedam
1312 2996 1428 3040 crassa

226 3098 267 3140 ac
291 3076 521 3152 mucilaginea'
542 3076 704 3140 materies
726 3086 888 3154 separata
911 3085 973 3151 est,
998 3076 1195 3153 chartaeque
1222 3075 1347 3140 bibulae
1369 3077 1428 3140 ad-

227 3177 349 3251 haesit,
370 3198 469 3254 quae,
496 3175 684 3242 filtratione
707 3176 814 3247 finita.
834 3176 1034 3266 drachmam
1056 3198 1170 3252 unam,
1190 3198 1296 3252 grana
1321 3181 1359 3240 15
1384 3177 1428 3240 ad

229 3277 407 3340 minimum
432 3278 616 3354 pendebat.
673 3276 858 3340 Filtratum
885 3276 1054 3353 liquorem
1084 3276 1221 3340 iterum
1239 3278 1281 3340 ad
1311 3276 1427 3352 ignem

229 3377 353 3454 posuit,
374 3398 488 3453 quem,
504 3363 582 3440 cuin
599 3398 640 3439 eo
656 3398 765 3453 usque
780 3379 984 3455 absumptus
1000 3385 1091 3439 esset
1108 3378 1218 3440 donec
1235 3378 1430 3439 membran·

227 3477 283 3540 ula
307 3478 478 3554 quaedam
497 3478 570 3554 ejus
591 3476 784 3554 superficiei
808 3476 1018 3555 apparuerit,
1037 3478 1072 3540 in
1095 3476 1182 3540 cella
1204 3477 1335 3540 vinaria
1359 3476 1430 3540 col-

225 3577 362 3642 locavit.
411 3577 649 3641 Tenuissimae
666 3578 837 3654 quaedam
853 3577 1125 3654 splendidaeque
1141 3577 1318 3654 chrystalli
1334 3577 1367 3639 in
1385 3597 1426 3640 eo

228 3679 360 3742 effictae
384 3687 472 3748 sunt,
499 3677 534 3740 in
556 3677 663 3742 facies
686 3677 783 3754 quasi
806 3677 972 3754 sculptae.
1029 3678 1119 3741 Tota
1143 3677 1229 3740 haec
1251 3677 1424 3752 materies,
1481 3735 1485 3746 ,

228 3800 332 3855 quam
347 3777 509 3852 colligere
534 3777 640 3855 potui,
661 3777 842 3850 exsiccata,
863 3782 956 3841 baut
979 3780 998 3841 6
1022 3799 1128 3853 grana
1150 3778 1335 3853 pendebat,
1354 3778 1428 3854 ejus

224 3898 331 3955 sapor
351 3877 552 3941 mitissimus
567 3899 608 3941 ac
623 3877 765 3940 omnino
788 3877 955 3942 lixivialis
1005 3880 1164 3951 Domum,
1184 3877 1277 3940 omni
1294 3877 1427 3952 liquore

226 3987 445 4055 consumpto
478 3977 587 4040 salina
617 3977 779 4040 materies
812 3980 830 4040 3
867 3979 1085 4052 dragmatum
1118 3979 1262 4040 duorum
1292 3976 1428 4040 circiter

226 4077 464 4154 scrupulorum
502 4078 618 4154 pondo
647 4076 682 4139 in
711 4062 819 4163 'fundo
856 4077 961 4140 catini
999 4077 1135 4140 mansit.
1205 4075 1427 4139 Examinavit

226 4194 348 4242 omnes
371 4177 433 4240 has
456 4177 628 4250 materias
649 4198 737 4252 quae
760 4176 861 4240 simul
883 4188 1043 4254 sumptae
1060 4182 1077 4240 5
1094 4176 1229 4240 circiter
1244 4176 1427 4240 drachmas

228 4279 395 4354 pendent;
426 4278 444 4339 2
468 4277 628 4340 nimirum
651 4276 834 4340 drachmas
856 4299 897 4340 ac
919 4280 956 4340 15
981 4299 1086 4352 grana
1104 4275 1247 4339 materia
1264 4274 1428 4350 mucilag-

227 4376 315 4454 inea,
336 4399 424 4454 quae
448 4377 588 4440 chartae
611 4375 748 4440 bibulae
764 4376 935 4452 adhaesit;
963 4379 1090 4440 bautss
1113 4395 1219 4450 grana
1235 4374 1426 4451 chrystalli;
1480 4411 1483 4416 ·
