3524 5314
332 741 372 802 44
695 726 752 792 DE
772 725 880 793 SALE
901 725 1127 795 COMMUNI.

331 909 1477 994 Circaevaporationemnullopeculiariartifrcloutuntur;observare

331 1012 439 1073 solent
455 1028 545 1073 mare
560 1029 633 1073 cum
650 1015 772 1075 clarum
790 1018 824 1076 et
840 1015 1005 1094 limpidum
1023 1020 1102 1090 stat,
1125 1017 1158 1079 h.
1176 1031 1207 1080 e.
1232 1033 1304 1078 cum
1329 1033 1414 1095 aqua
1437 1018 1477 1079 ad

328 1112 465 1174 lundam
483 1129 586 1191 usque
610 1118 662 1175 est
685 1114 858 1194 pellucida,
882 1131 1012 1194 quoque
1035 1116 1150 1178 clarior
1172 1121 1206 1179 et
1228 1117 1416 1197 pellucidior
1438 1134 1478 1181 eo

332 1212 425 1274 ditior
451 1217 485 1275 et
509 1211 657 1274 refertior
683 1215 765 1277 sale.
812 1215 927 1278 Modus
948 1217 1106 1278 coctionis
1128 1222 1180 1278 est
1202 1233 1363 1296 sequens:
1389 1216 1477 1280 Pone

330 1313 1476 1397 litusdomusparvulaexstruitur,inqualocusestprounaiornace,

329 1430 384 1492 pro
401 1431 467 1476 uno
482 1432 564 1476 vase
580 1416 807 1494 evaporatorlo
824 1420 858 1477 et
881 1433 946 1479 uno
961 1424 1091 1480 coctore
1108 1435 1181 1479 curn
1199 1419 1361 1497 aliquibus
1384 1423 1477 1480 uten-

329 1514 462 1592 silibus;
478 1519 572 1577 extra
588 1514 718 1576 domum
737 1516 768 1576 in
790 1533 874 1594 aqua
899 1518 1024 1578 marina
1047 1523 1179 1580 erectus
1202 1523 1269 1581 stat
1291 1519 1384 1598 sipiro
1407 1520 1477 1581 sive

329 1617 442 1677 trabes
456 1620 587 1690 cavata,
604 1631 679 1693 quae
700 1617 854 1694 pertingit
877 1617 982 1696 ipsum
1007 1617 1144 1680 lundum
1169 1635 1265 1697 aquae
1287 1619 1422 1682 litoralis
1445 1624 1477 1682 et

328 1717 414 1777 solet
429 1715 630 1794 longitudine
646 1732 720 1777 esse
739 1731 767 1794 3,
784 1733 804 1793 4
819 1718 872 1778 vel
892 1731 905 1796 5
924 1719 1094 1796 ulnarum;
1111 1736 1167 1798 per
1183 1719 1361 1781 cavitatem
1375 1720 1479 1782 trabis

329 1816 381 1877 vel
398 1815 544 1896 siplrouis
560 1817 707 1895 exsurgit
722 1833 806 1896 aqua
823 1821 1115 1898 tanquam’sponte
1138 1836 1198 1880 sua
1221 1836 1324 1898 usque
1345 1819 1385 1881 ad
1408 1819 1476 1882 altl·

328 1916 474 1978 tudinem
486 1914 669 1996 superficiei
680 1933 775 1995 aquae
788 1918 970 1981 exterioris.
1007 1919 1052 1980 Ex
1066 1921 1126 1981 hoc
1139 1919 1276 2000 siphone
1290 1921 1478 2004 exantlatur

327 2033 411 2096 aqua
428 2017 459 2077 in
476 2017 624 2078 canalem
641 2018 804 2094 quendam
828 2019 882 2096 qui
902 2019 990 2097 Jacet
1013 2019 1096 2082 intra
1120 2021 1238 2082 dictam
1262 2021 1413 2098 domum;
1436 2037 1477 2083 ex

326 2119 442 2179 canale
469 2119 530 2179 hoc
556 2117 628 2178 sive
659 2121 878 2197 receptaculo,
910 2120 1078 2199 paullatim
1106 2119 1222 2182 defluit
1247 2138 1332 2200 aqua
1358 2121 1390 2182 in
1418 2139 1478 2183 vas

327 2217 605 2297 evaporatorlum,
624 2218 800 2295 etquidem
823 2236 880 2298 per
903 2221 1118 2282 canaliculum
1142 2222 1196 2300 qui
1220 2221 1294 2283 inde
1317 2222 1348 2283 in
1372 2222 1476 2301 ipsum

329 2335 388 2378 vas
404 2318 522 2380 ductus
538 2323 601 2394 est,
615 2318 690 2379 inde
702 2319 806 2380 stillat
817 2320 938 2380 sensim
953 2337 1057 2398 aqua;
1073 2323 1302 2384 obturaculum
1315 2322 1476 2400 quoddam

328 2419 549 2499 antepositum
567 2424 630 2495 est,
648 2420 733 2497 quod
750 2421 867 2500 aperiri
881 2421 923 2482 ad
939 2422 1064 2483 libitum
1082 2427 1191 2503 potest
1206 2429 1240 2485 et
1253 2424 1410 2503 majorem
1424 2423 1477 2485 vel

329 2521 1476 2603 minoremaquaequantltateminvasemittereproutrequlritcoctio.

329 2621 435 2702 lpsum
453 2638 513 2682 vas
529 2626 660 2683 constat
676 2622 803 2683 laminis
818 2621 945 2698 terreis,
963 2628 1079 2702 estque
1096 2624 1328 2703 longitudine7
1344 2626 1475 2704 pedum,

330 2723 502 2808 latitudine
534 2725 582 2805 st,
609 2720 875 2805 profunditate}
899 2723 1009 2802 pedis;
1047 2741 1187 2803 cumque
1214 2742 1275 2786 vas
1301 2727 1360 2786 lroc
1392 2742 1476 2804 aqua

329 2824 454 2885 marina
470 2823 558 2884 salsa
574 2822 786 2902 adimpletum
804 2828 867 2900 est,
892 2824 1109 2904 subjiciuntur
1133 2826 1219 2905 ligna
1242 2830 1276 2886 et
1298 2826 1477 2888 instituitur

329 2923 444 2999 coctio,
472 2939 547 3002 quae
574 2923 786 2984 continuatur
809 2941 866 3002 per
893 2924 930 2986 16
952 2925 992 2986 ad
1015 2939 1056 2986 20
1078 2926 1188 2988 boras.
1240 2924 1477 3006 Supponuntur

330 3024 401 3085 vasi
422 3025 508 3104 ligna
530 3023 652 3102 majora
676 3028 710 3086 et
733 3025 839 3085 trunci
864 3027 1041 3086 crassiores
1066 3027 1232 3102 arborum,
1256 3041 1392 3102 quorum
1415 3043 1477 3106 ope

328 3125 430 3187 coctio
447 3129 481 3186 et
496 3124 685 3203 evaporatio
699 3124 819 3203 jugiter
835 3130 869 3186 et
881 3125 1035 3187 continue
1048 3126 1224 3206 peragitur,
1239 3142 1379 3204 cumque
1391 3142 1475 3206 aqua

328 3225 368 3288 ad
384 3225 607 3287 ebullitionem
625 3239 728 3303 usque
743 3225 861 3286 adacta
877 3231 941 3302 est,
956 3226 1137 3289 admittitur
1149 3243 1278 3308 semper
1292 3244 1389 3306 nova,
1402 3241 1476 3307 quae

328 3327 358 3387 in
381 3343 442 3386 vas
464 3325 567 3386 stillat
590 3342 647 3404 per
673 3326 889 3387 canaliculum
913 3326 1047 3404 dictum,
1064 3328 1148 3389 adeo
1175 3332 1210 3389 ut
1236 3333 1389 3390 teneatur
1415 3345 1477 3390 vas

296 3467 300 3482 .
328 3442 457 3507 semper
474 3427 606 3505 plenum
623 3442 708 3504 aqua
725 3425 891 3488 adfluente
908 3431 943 3488 et
965 3445 1062 3490 nova.
1108 3427 1176 3492 Sub
1201 3427 1300 3491 finem
1324 3442 1398 3490 cum
1422 3429 1474 3490 diu

328 3527 409 3588 satis
425 3527 668 3589 continuaverit
683 3527 886 3606 evaporatio,
904 3533 982 3588 tunc
1000 3529 1087 3589 nulla
1104 3530 1244 3609 amplius
1260 3545 1345 3607 aqua
1361 3529 1475 3592 admit·

328 3628 424 3704 titur;
440 3627 499 3689 sed
514 3640 668 3706 operatur
684 3627 766 3706 ignis
783 3629 814 3688 in
830 3644 947 3706 aquam
966 3629 1141 3706 residuam,
1159 3645 1264 3708 usque
1279 3630 1354 3707 dum
1378 3643 1480 3692 omne

326 3727 493 3790 humidum
511 3727 586 3789 inde
602 3728 644 3789 sit
660 3725 817 3805 ejectum,
836 3733 872 3790 et
887 3730 933 3790 sal
951 3730 1072 3791 siccum
1090 3731 1130 3791 ad
1151 3728 1287 3792 fundum
1313 3731 1473 3794 relictum.

328 3828 405 3891 Post
422 3829 706 3908 consumptionem
725 3829 820 3892 unius
837 3846 1002 3891 mensurae
1018 3830 1256 3911 sesquipedalis
1272 3831 1360 3910 ligni,
1378 3833 1474 3910 vulgo

320 3927 414 4010 sumn
429 3929 596 4009 appellati,
615 3934 649 3990 et
665 3929 806 4009 spatium
820 3945 861 3992 20
873 3932 1037 4006 horarum,
1053 3948 1118 3992 una
1131 3937 1233 3994 tonna
1245 3932 1324 3992 salis
1336 3931 1474 3994 obtineri

329 4031 423 4094 solet.

370 4130 426 4191 lllc
451 4148 515 4194 non
539 4131 749 4202 construitur,
777 4135 813 4192 ut
836 4133 923 4208 alibi,
949 4133 1098 4194 caminus
1124 4132 1297 4208 lateritius,
1325 4134 1379 4211 qui
1403 4134 1473 4194 vasi

326 4237 458 4312 aptatus
484 4232 538 4307 sit,
567 4231 625 4293 sed
653 4232 721 4292 loco
748 4233 866 4293 camini
892 4238 1030 4311 quatuor
1058 4234 1150 4296 modo
1177 4251 1257 4294 saxa
1284 4234 1406 4312 majora
1433 4232 1473 4294 ad

324 4332 476 4410 quemvis
492 4332 648 4410 angulum
665 4333 756 4393 vasis
775 4334 972 4410 relocantur,
997 4338 1031 4394 et
1054 4334 1187 4413 insuper
1211 4333 1378 4414 reponitur
1400 4351 1471 4394 vas.

327 4431 432 4494 Locus
448 4435 509 4493 sub
533 4449 613 4493 vase
636 4445 693 4512 pro
717 4433 811 4511 lignis
836 4450 899 4494 non
924 4435 1060 4513 amplior
1084 4441 1135 4496 est
1157 4450 1254 4513 quam
1280 4438 1315 4494 ut
1337 4440 1474 4495 truncus

261 4573 264 4579 -
325 4533 617 4596 arboreus-intrudi
634 4534 736 4613 possit
752 4540 785 4595 et
800 4540 877 4614 apte
894 4535 1017 4614 reponi.
1061 4533 1191 4597 Fornax
1207 4537 1248 4596 ab
1264 4533 1368 4596 altera
1381 4540 1473 4615 parte
