3524 5314
626 787 707 858 SAL
734 783 909 858 GEMMAE
929 780 1110 858 AnioilAE
1399 795 1435 857 ai

292 981 351 1041 nisi
374 980 460 1042 enim
485 997 569 1057 aqua
594 979 696 1040 dulcis
721 980 854 1057 insuper
877 983 979 1055 esset,
1006 997 1069 1040 non
1095 980 1196 1040 multa
1219 979 1293 1039 inde
1317 980 1441 1041 utilitas

289 1082 486 1156 traheretur,
519 1080 545 1140 si
575 1079 661 1140 enim
694 1079 767 1140 illuc
798 1079 971 1140 duceretur
1002 1096 1098 1156 aqua,
1125 1081 1245 1140 multas
1272 1080 1439 1159 impensas

289 1180 481 1242 causaretur
498 1182 557 1242 hoc
574 1197 668 1259 opuS,
683 1180 765 1240 adeo
783 1184 817 1240 ut
834 1181 940 1258 exigui
957 1180 1049 1259 pretii
1066 1180 1235 1242 evaderet.
1272 1180 1341 1241 Mos
1353 1181 1438 1242 enirn

289 1283 336 1342 sal
353 1281 521 1342 obtinendi
539 1285 589 1342 est
605 1297 768 1357 sequens:
794 1281 1005 1342 Excavuntur
1022 1281 1100 1340 certi
1117 1281 1246 1357 quidam
1264 1284 1391 1342 tractus
1407 1280 1438 1342 in

289 1382 338 1442 his
356 1381 521 1442 montibus
542 1383 596 1458 qui
620 1382 711 1441 uelut
733 1381 933 1459 aperiuntur,
959 1385 992 1441 et
1015 1381 1046 1440 in
1070 1381 1141 1441 illos
1165 1381 1332 1441 deducitur
1355 1398 1440 1458 aqua

288 1482 403 1558 dulciS,
421 1499 484 1560 qua
502 1483 680 1559 replentur,
699 1498 784 1558 aqua
802 1485 857 1559 per
874 1482 1007 1542 canales
1023 1481 1097 1541 illuc
1114 1481 1284 1541 deducitur
1301 1482 1353 1541 vel
1379 1483 1442 1543 alio

290 1583 383 1643 modo
407 1582 588 1643 secundum
613 1581 861 1643 commoditates
885 1582 963 1658 ioci;
987 1598 1127 1658 cumque
1150 1581 1226 1642 inibi
1251 1581 1441 1658 relinquitur

288 1682 390 1743 dulcis
421 1663 630 1743 'consumitur
659 1682 778 1742 circum
807 1682 891 1742 circa
918 1699 1012 1746 mons
1036 1683 1086 1742 vel
1117 1683 1258 1760 parietes
1286 1699 1440 1742 cavernae

290 1780 433 1859 effossae,
465 1799 569 1859 usque
599 1782 674 1842 dum
702 1799 787 1859 aqua
817 1782 897 1843 satis
925 1783 1012 1842 salsa
1040 1782 1172 1844 evadat.
1220 1782 1440 1860 Experiuntur

289 1887 477 1960 operatores
502 1900 578 1943 num
603 1899 688 1960 aqua
710 1883 751 1943 ad
773 1883 907 1960 gradum
933 1883 1077 1944 debitum
1101 1883 1246 1944 evaserit
1268 1884 1356 1947 salsa
1384 1900 1440 1962 per

289 1983 497 2061 injectionem
513 1983 607 2044 irusti
624 1983 793 2062 cujusdam
811 1983 888 2044 salis
912 2000 1069 2060 gemmae;
1093 1983 1118 2042 si
1142 1981 1281 2044 frustum
1307 1983 1383 2044 illud
1406 1983 1437 2044 in

289 2100 373 2160 aqua
389 2084 474 2145 dicta
491 2084 595 2145 adhuc
613 2084 815 2144 consumitur
832 2085 884 2143 vel
902 2083 1101 2152 diminuitur,
1116 2085 1244 2160 signum
1268 2087 1320 2144 est
1336 2089 1437 2144 satur·

289 2189 376 2244 atam
395 2185 537 2244 nondum
562 2185 631 2244 sale
660 2172 735 2244 esse
759 2200 897 2260 aquam;
926 2184 1072 2262 probatio
1096 2184 1166 2243 haec
1190 2184 1337 2260 iteratur,
1362 2185 1438 2245 dum

290 2285 502 2364 experiuntur
533 2283 673 2345 frustum
707 2285 845 2344 salinum
864 2285 951 2344 nullo
976 2284 1068 2344 modo
1091 2283 1283 2344 diminutum
1310 2285 1357 2356 iri,
1383 2285 1440 2346 sed

289 2385 448 2446 intactum
461 2401 643 2460 remanere,
656 2383 740 2461 quod
751 2381 877 2462 signum
891 2388 942 2444 est
952 2400 1069 2460 aquam
1082 2384 1150 2443 sale
1161 2383 1201 2444 ad
1213 2383 1440 2446 sufficientiam

290 2481 363 2546 esse
380 2485 643 2564 impraegnatam.

333 2603 399 2663 Hoc
424 2619 496 2662 curn
524 2601 647 2662 factum
675 2603 729 2678 sit,
762 2603 864 2662 muria
890 2601 965 2662 inde
993 2601 1183 2661 exhauritur
1211 2603 1262 2662 vel
1293 2603 1440 2664 educitur

290 2719 395 2780 usque
418 2702 458 2763 ad
482 2701 650 2778 Sallstadt,
675 2703 755 2762 etin
779 2702 896 2762 ahenis
918 2706 1116 2779 evaporatur
1139 2705 1172 2762 et
1194 2703 1385 2780 excoquitur
1408 2704 1440 2764 ln

290 2805 349 2876 sal,
367 2807 400 2864 et
416 2803 490 2864 dein
508 2803 648 2863 siccatur
664 2808 697 2863 et
713 2803 745 2863 in
762 2803 925 2881 regionem
942 2800 1202 2864 circumferatur.

332 2921 425 2982 Mons
449 2921 573 2981 salinus
596 2912 680 2980 circa
706 2919 813 2981 Yschl¹
843 2937 906 2980 non
931 2925 999 2980 tam
1024 2919 1172 2980 abundat
1194 2921 1263 2980 sale
1288 2926 1322 2982 ut
1346 2938 1440 2982 mons
1559 2928 1563 2936 ’

289 3021 373 3080 circa
396 3020 626 3096 Hallstadium;
643 3021 693 3080 hic
719 3037 886 3097 nunquam
910 3020 1074 3081 exhauriri
1097 3036 1193 3098 posse
1216 3021 1356 3097 videtur,
1382 3022 1440 3082 sed

287 3121 374 3214 'circa
390 3121 498 3182 Yschl¹
517 3138 581 3181 non
599 3122 729 3182 uidetur
745 3122 1000 3199 perpetuitatem
1017 3121 1151 3194 habere,
1168 3123 1320 3195 quamvis
1336 3123 1438 3183 bonit·

288 3225 342 3281 ate
359 3226 392 3281 et
407 3221 578 3299 qualitate²
595 3222 738 3282 alterum
757 3227 904 3300 superat.
1389 3231 1390 3235 ’

828 3522 906 3586 Vlll.

615 3705 694 3766 SAL
718 3705 889 3768 GEllllAE
917 3707 1107 3770 ANGLIAE.

330 3891 362 3951 ln
379 3891 544 3969 provincia
562 3887 725 3950 Cheshire
750 3891 833 3950 circa
857 3892 970 3951 urbem
996 3890 1141 3953 Chester
1164 3898 1215 3954 est
1238 3893 1355 3956 salina.
1402 3893 1434 3954 ln

289 3993 422 4070 primam
440 3990 694 4069 profunditatem
711 3991 892 4051 demittitur
916 3991 956 4052 ad
979 3993 1184 4053 altitudinem
1211 4007 1248 4070 54
1270 3994 1435 4069 ulnarum,

287 4093 318 4151 in
336 4093 471 4152 alteram
489 4091 529 4151 ad
548 4106 586 4168 30
602 4092 708 4152 ulnas.
748 4091 857 4152 Strata
875 4093 978 4152 salina
993 4094 1105 4171 jacent
1122 4094 1160 4153 ad
1178 4092 1434 4172 profunditatem

288 4191 329 4252 60
344 4193 491 4252 ulnarum
509 4210 528 4252 a
544 4198 642 4267 terra;
660 4196 746 4252 tecta
760 4196 838 4252 sunt
851 4193 986 4253 materia
1001 4195 1158 4265 terrestri,
1172 4212 1271 4254 arena
1285 4200 1318 4254 et
1330 4200 1436 4273 petra;

288 4298 426 4352 stratum
444 4309 580 4352 saxeum
597 4292 648 4352 cui
665 4292 812 4352 adhaeret
828 4298 879 4353 est
902 4294 1017 4354 coloris
1041 4295 1166 4369 brunei,
1192 4294 1295 4354 instar
1319 4295 1382 4355 boli
1404 4295 1435 4354 in

289 4399 414 4471 petram
432 4393 585 4468 indurati;
602 4393 641 4452 ad
659 4393 744 4452 illam
762 4391 1016 4472 profunditatem
1034 4395 1152 4454 circum
1171 4394 1252 4454 circa
1270 4395 1436 4480 invenitur

289 4493 349 4555 sal.
394 4491 446 4553 Sal
477 4493 508 4552 in
539 4497 642 4554 strato
670 4511 728 4553 suo
752 4492 848 4553 facile
871 4492 975 4572 frangi
1004 4499 1123 4572 potest,
1151 4512 1236 4554 unus
1259 4495 1307 4555 vir
1331 4496 1361 4555 in
1385 4497 1436 4556 die

289 4592 409 4672 frangit
432 4591 466 4674 ᾖ
494 4594 546 4653 vel
567 4592 600 4674 ss
624 4599 693 4656 ton.
740 4592 792 4654 Sal
810 4595 930 4655 diversi
953 4600 1004 4655 est
1024 4595 1153 4673 generis
1175 4600 1208 4656 et
1229 4596 1362 4672 coloris;
1387 4602 1438 4658 est
