3442 5302
231 697 236 720 ‘
320 709 379 768 140
679 696 746 758 DE
769 695 895 760 SALE
918 695 1158 760 COMMUNI

318 888 353 945 et
368 879 510 946 tandem
526 877 638 944 omnis
659 875 796 956 [ipsius]
817 879 1006 944 acrimonia
1026 880 1126 958 perit,
1146 889 1181 944 et
1203 879 1251 946 sic
1273 880 1452 946 interram
1468 880 1517 946 in-

317 979 475 1056 sipidam,
509 978 607 1056 aquis
637 979 828 1056 inmessum
858 989 1055 1056 negantem,
1088 979 1228 1056 fatiscit,
1268 1002 1359 1060 aqua
1396 981 1517 1046 itidem

317 1087 537 1157 superstante
553 1079 710 1156 insipida.
759 1082 858 1144 Dnus
874 1079 1026 1146 Snellen.

361 1181 476 1255 Quum
505 1179 556 1244 sal
586 1201 678 1258 saepe
707 1179 853 1246 solvitur
881 1201 921 1244 ac
950 1180 1162 1256 coagulatur,
1185 1181 1305 1246 'omnis
1330 1182 1456 1246 acredo
1482 1189 1518 1246 et

317 1280 420 1344 ardor
443 1281 631 1356 evanescit;
663 1280 799 1346 sienim
817 1279 875 1344 diu
896 1289 931 1344 et
945 1301 1038 1357 saepe
1054 1280 1258 1356 destillatur,
1276 1280 1468 1348 calcinatur
1483 1289 1518 1348 et

318 1400 380 1456 per
403 1379 591 1456 deliquium
616 1380 814 1446 dissolvitur
836 1379 897 1454 sal,
925 1379 1009 1445 nihil
1032 1374 1186 1446 tandem¹
1200 1380 1327 1448 residui
1347 1389 1517 1456 remanet,

318 1478 382 1544 nisi
398 1501 489 1556 aqua
505 1481 697 1546 eommunis
712 1489 747 1544 et
762 1490 854 1546 terra
869 1480 948 1546 alba
964 1488 1100 1546 mortua
1116 1489 1150 1546 et
1166 1480 1305 1558 insulsa,
1319 1480 1414 1546 omni
1426 1501 1519 1548 acre-

317 1579 398 1674 dine
414 1579 553 1656 penitus
567 1579 681 1646 soluta
696 1602 736 1646 ac
751 1580 897 1646 sublata.
946 1582 1044 1646 Dtius
1061 1581 1202 1646 Hierne.

362 1679 450 1744 Cum
472 1679 617 1745 solvitur
639 1689 673 1744 et
696 1681 905 1758 evaporatur
926 1701 1019 1758 saepe
1042 1680 1102 1756 sal,
1124 1681 1266 1748 tandem
1288 1679 1521 1758 chrystallisa-

318 1778 450 1844 tionem
474 1788 619 1854 recusat,
639 1781 683 1846 ad
705 1780 885 1846 minimum
909 1780 1086 1857 peragitur
1106 1780 1289 1848 difficulter
1309 1779 1520 1857 chrystallis·

319 1878 401 1954 atio,
420 1879 525 1956 inque
540 1880 691 1957 speciem
709 1882 883 1957 quandam
906 1880 1045 1945 alcalini
1061 1879 1143 1946 salis
1158 1881 1240 1947 abit.
1289 1881 1371 1946 Post
1393 1880 1520 1958 repeti-

319 1988 374 2043 tas
389 1979 589 2054 solutiones,
608 2002 699 2057 aqua
715 1982 856 2046 tandem
872 1981 1008 2045 residua
1024 1981 1177 2058 aliquam
1194 1990 1329 2058 partem
1345 1980 1519 2046 aciditatis

320 2079 355 2145 in
371 2101 407 2143 se
430 2081 596 2145 recondit.

363 2180 498 2245 Exinde
528 2181 633 2246 etiam
663 2181 828 2258 sequitur,
857 2183 950 2258 quod
974 2181 1058 2246 illud
1082 2181 1163 2245 salis
1188 2202 1305 2258 genus,
1340 2182 1433 2257 quod
1458 2202 1520 2257 per

319 2280 518 2345 diuturnam
543 2281 827 2359 evaporationem
854 2282 1040 2358 obtinetur,
1068 2283 1157 2346 adeo
1179 2290 1216 2345 ut
1242 2280 1293 2346 sal
1317 2282 1459 2345 tandem
1484 2279 1519 2343 in

320 2382 428 2445 fundo
463 2381 592 2445 siccum
629 2391 819 2458 remaneat,
859 2381 1006 2446 debilius
1042 2383 1228 2446 admodum
1266 2383 1314 2457 fit,
1356 2382 1518 2458 quodque
1612 2423 1617 2432 -

319 2480 455 2545 facilius
471 2503 532 2558 per
547 2500 674 2558 aquam
691 2482 800 2559 possit
816 2481 912 2546 solvi.
962 2482 1055 2546 Hinc
1077 2482 1210 2547 indoles
1227 2490 1261 2546 et
1284 2481 1423 2546 bonitas
1438 2481 1520 2544 salis

321 2580 467 2645 multum
484 2575 659 2658 dependet
674 2583 719 2646 ab
734 2582 809 2659 ipsa
825 2582 1009 2646 coctione·

338 2767 339 2770 Ἴ
364 2682 446 2745 Post
463 2681 747 2758 evaporationem
770 2691 917 2760 apparet
940 2703 1045 2761 saepe
1068 2681 1233 2746 oleositas
1248 2685 1415 2758 remanet,
1435 2690 1470 2745 et
1486 2681 1521 2744 in
1642 2755 1645 2760 ¹

322 2800 433 2858 aquae
450 2781 667 2868 superficiem
684 2781 826 2859 ejicitur.

364 2881 454 2945 lllud
469 2880 550 2945 salis
573 2901 690 2958 genus,
711 2884 803 2959 quod
827 2882 976 2960 primum
999 2882 1096 2947 linita
1118 2863 1291 2946 solutione
1318 2890 1352 2945 et
1376 2901 1522 2958 evapor-

321 2981 438 3046 atione
461 2981 745 3059 chrystallisatur,
766 2992 817 3047 est
841 2983 1072 3060 purissimum,
1091 3002 1155 3047 nec
1177 2981 1329 3046 luctatur
1350 3003 1427 3046 cum
1444 2980 1522 3044 oleo

321 3081 443 3146 tartari
458 3081 513 3146 vel
529 3103 606 3148 cum
623 3082 694 3146 sale
707 3082 824 3160 aliquo
837 3082 997 3147 alcalino:
1020 3084 1082 3146 sed
1097 3082 1147 3146 sal
1164 3083 1257 3159 qu'od
1272 3081 1394 3145 ultimo
1406 3080 1523 3157 chrys·

321 3181 502 3258 tallisatur,
522 3182 699 3260 conjungit
716 3203 752 3266 se
775 3190 810 3246 et
833 3184 1021 3246 concordat
1044 3203 1121 3247 cum
1138 3182 1216 3246 oleo
1238 3181 1360 3247 tartari
1375 3190 1409 3246 et
1425 3201 1524 3258 prae-

322 3281 486 3360 cipitatur
497 3303 610 3347 crasse
623 3292 657 3347 et
669 3284 741 3349 fere
756 3282 791 3346 in
804 3282 1034 3347 substantiam
1052 3283 1226 3359 quandam
1242 3303 1344 3347 caseo
1360 3281 1518 3356 similem,

322 3382 516 3446 substantia
538 3383 625 3447 haec
647 3403 762 3446 crassa
785 3381 930 3447 solvitur
944 3384 988 3446 ab
1004 3382 1111 3447 acidis
1126 3383 1187 3446 sed
1210 3403 1279 3445 non
1302 3382 1346 3446 ab
1367 3403 1468 3458 3333,
1487 3384 1523 3444 31

315 3481 509 3560 ‘praecipue
525 3484 569 3547 ab
584 3491 685 3548 aceto
700 3483 886 3548 destillat0.

366 3583 454 3646 Cum
477 3583 527 3646 sal
553 3582 587 3647 in
611 3581 702 3660 aqua
728 3583 873 3649 solvitur
897 3584 1091 3661 eiectantur
1119 3581 1270 3646 bullulae
1294 3583 1464 3660 quaedam
1489 3587 1525 3645 et

324 3682 514 3759 particulae
540 3683 762 3748 tenuissimae
789 3705 943 3761 spumae,
962 3684 1023 3747 sed
1045 3681 1181 3760 frigide;
1204 3683 1341 3760 reponit
1358 3681 1463 3746 etiam
1486 3701 1524 3744 se

323 3782 469 3846 materia
491 3782 578 3847 haec
593 3783 727 3848 subtilis
742 3784 832 3848 circa
848 3783 958 3847 latera
973 3783 1065 3846 vasis
1081 3791 1115 3846 et
1130 3781 1277 3846 bullulas
1293 3782 1419 3846 format
1435 3789 1472 3845 ut
1489 3789 1525 3845 et

324 3884 368 3946 ad
383 3883 527 3948 fundum
544 3886 626 3961 ejus.

877 4053 969 4116 LIV.

381 4221 694 4286 REAGENTIAE
712 4221 948 4296 QUAEDAM
966 4219 1067 4286 CUM
1085 4219 1206 4282 SALE
1224 4207 1463 4283 COMMUNI.

367 4392 403 4457 Si
425 4390 588 4457 solutioni
614 4388 695 4454 salis
721 4391 918 4455 affundetur
942 4388 1093 4454 tinctura
1118 4389 1249 4458 Lunae,
1275 4387 1355 4454 inde
1381 4386 1527 4452 albescit

326 4492 465 4556 solutio.
