3442 5302
340 643 397 700 126
670 643 763 742 ¹DE
786 643 912 706 SALE
937 643 965 708 C
968 643 1174 707 OMMUNI

873 942 998 1006 xcvi.
1054 915 1060 927 '

334 1143 502 1208 MODUS
526 1143 861 1206 PRAEPARANDI
885 1143 1169 1207 SALPETRAM
1194 1144 1259 1206 EX
1281 1145 1402 1207 SALE
1419 1144 1539 1208 COM-

737 1243 859 1308 MUNI
884 1243 947 1305 ET
971 1243 1137 1306 CALCE.

375 1427 601 1505 Recipiantur
621 1429 641 1489 4
665 1436 781 1503 partes
804 1425 908 1490 calcis
930 1427 1028 1500 vivae,
1048 1437 1083 1491 et
1101 1430 1117 1490 1
1134 1448 1214 1504 pars
1230 1426 1314 1490 salis
1330 1427 1534 1503 communis,

332 1527 555 1621 misceantur·
571 1526 702 1604 optime
733 1536 766 1590 et
797 1526 1041 1591 humectentur
1065 1527 1162 1592 urina
1184 1528 1239 1591 vel
1270 1550 1360 1605 aqua
1385 1528 1457 1591 fimi
1482 1529 1538 1592 vel

332 1650 423 1705 aqua
449 1627 623 1691 communi
653 1623 841 1698 [schlectem
863 1625 1023 1700 wasser]‚
1043 1628 1131 1691 adeo
1156 1636 1193 1691 ut
1216 1627 1320 1705 pultis
1345 1628 1453 1691 instar
1476 1629 1537 1692 fiat

332 1727 542 1793 commixtio,
591 1729 644 1790 Ex
668 1748 781 1791 massa
803 1727 895 1791 dicta
916 1728 1109 1792 formentur
1133 1727 1273 1804 globuli,
1293 1729 1351 1805 qui
1368 1729 1411 1792 ad
1427 1728 1534 1792 solem

331 1829 515 1900 siccentur;
547 1836 721 1903 ponantur
744 1827 823 1892 dein
847 1849 953 1905 super
976 1828 1150 1892 cumulum
1174 1829 1348 1904 quendam
1369 1827 1533 1904 ligneum,

332 1929 391 2006 qui
421 1928 638 2012 accendatur,
666 1927 746 1990 inde
771 1949 833 2005 per
861 1928 1141 1991 candescentiam
1168 1926 1336 1992 alteratur
1362 1926 1412 1991 sal
1439 1937 1473 1991 et
1500 1929 1535 1991 in

331 2029 520 2105 salpetram
537 2028 711 2104 quandam
728 2036 890 2091 mutatur.
940 2029 1055 2103 Quum
1073 2027 1107 2090 hi
1124 2028 1217 2103 globi
1233 2028 1350 2104 aliquo
1367 2029 1536 2102 temporis

331 2129 446 2206 spatio
469 2127 664 2191 candefacti
688 2127 766 2201 sint,
786 2127 977 2205 reponendi
1001 2137 1081 2191 sunt
1105 2127 1140 2190 in
1165 2127 1251 2202 locO,
1272 2127 1306 2191 in
1330 2149 1433 2205 quem
1450 2128 1537 2192 radii

330 2228 461 2293 solares
477 2235 511 2290 et
527 2249 587 2290 aer
602 2249 671 2290 non
687 2248 770 2291 vero
786 2227 902 2304 pluvia
920 2228 1028 2305 possit
1046 2235 1239 2304 penetrare,
1256 2229 1300 2292 ad
1315 2228 1534 2291 altitudinem

330 2333 349 2394 2
376 2329 430 2392 vel
457 2332 475 2392 3
503 2329 640 2405 pedum,
664 2349 769 2392 unum
792 2328 923 2392 scilicet
947 2337 1093 2392 stratum
1117 2350 1220 2407 super
1243 2319 1389 2392 alterum
1415 2341 1449 2392 et
1473 2328 1536 2392 hu-

332 2437 527 2494 mectentur
557 2429 653 2491 urina
683 2427 737 2490 vel
768 2427 884 2491 lixivio
912 2428 982 2491 fimi
1010 2427 1064 2491 vel
1091 2451 1181 2505 aqua
1206 2428 1380 2492 communi
1407 2424 1537 2504 [regen-

331 2527 490 2602 wasser],
511 2537 544 2591 et
561 2529 610 2591 sic
635 2549 695 2605 per
717 2528 849 2604 aliquot
874 2528 946 2593 dies
963 2528 1215 2606 relinquantur;
1239 2538 1402 2592 corruunt
1420 2538 1453 2592 et
1471 2529 1535 2592 dis-

330 2629 510 2693 solvuntur
535 2628 613 2691 inde
640 2628 722 2692 dicti
749 2627 851 2703 globi.
901 2629 1001 2704 Dein,
1027 2629 1120 2692 omni
1147 2627 1353 2693 humiditate
1374 2627 1454 2693 inde
1476 2650 1537 2705 per

330 2729 439 2794 solem
464 2728 607 2806 disjecta
632 2738 666 2792 et
691 2740 812 2792 massa¹
826 2727 884 2791 illa
907 2729 1057 2792 conflata
1081 2729 1219 2805 penitus
1240 2729 1380 2804 siccata,
1407 2729 1534 2792 iterum

331 2829 601 2894 humectandum
626 2838 677 2891 est
703 2828 799 2891 urina
824 2827 878 2891 vel
905 2851 995 2904 aqua
1019 2829 1099 2898 fimi.
1120 2829 1243 2904 quibus
1267 2830 1435 2892 nitrosum
1453 2829 1535 2905 quid

331 2930 434 3006 inest;
454 2929 519 2992 hoc
531 2930 759 3006 repetendum
772 2938 834 3003 est,
850 2928 986 3005 quoties
999 2929 1187 2992 necessitas
1198 2929 1333 2993 videtur
1346 2928 1535 3016 requirere3

332 3030 454 3094 exinde
478 3037 663 3104 generatur
679 3029 763 3092 inibi
779 3027 941 3105 salpetra,
962 3050 1038 3106 quae
1056 3050 1118 3105 per
1133 3028 1355 3092 elixationem
1372 3029 1535 3092 usitatam

332 3141 366 3192 et
382 3150 601 3193 communem
620 3137 734 3205 potest
751 3127 885 3192 extrahi
901 3138 935 3192 et
948 3128 982 3191 in
995 3127 1345 3204 chrystallisationem
1358 3127 1535 3204 vulgarem

331 3229 513 3307 purificari.
562 3231 640 3292 Non
664 3227 773 3292 multo
796 3237 955 3292 constare
978 3228 1103 3292 dicitur
1125 3228 1211 3292 haec
1227 3229 1385 3305 operatio
1400 3228 1435 3291 in
1452 3228 1536 3292 locis

331 3330 455 3407 quibus
482 3350 544 3405 pro
570 3329 629 3391 vili
656 3329 775 3392 haberi
800 3336 916 3405 potest
941 3327 1072 3404 lignum
1097 3338 1131 3392 et
1156 3328 1244 3405 lapis
1271 3328 1448 3392 calcatius
1498 3328 1535 3391 Si

331 3450 465 3493 massae
490 3429 568 3492 huic
589 3429 757 3492 calcariae
782 3438 816 3492 et
841 3427 982 3501 salinae,
1004 3450 1109 3505 quum
1125 3429 1248 3492 adusta
1264 3429 1318 3504 sit,
1338 3439 1537 3506 apponatur

329 3530 538 3594 fermentum
563 3529 738 3605 quoddam
763 3528 941 3600 nitrosum,
962 3537 1146 3604 generatur
1171 3527 1216 3592 ibi
1243 3527 1396 3605 salpetra
1421 3528 1535 3593 adhuc

330 3630 440 3705 magis
470 3639 503 3692 et
534 3630 733 3704 adaugetur.
784 3630 837 3692 De
868 3628 920 3691 his
950 3628 1093 3691 ulterius
1119 3629 1197 3693 vide
1224 3630 1379 3704 Nz'trum,
1411 3638 1534 3705 estque

329 3729 514 3793 methodus
530 3729 616 3792 haec
633 3728 701 3791 Ι)ῆί
719 3728 885 3792 Ludovici
903 3726 1048 3802 Glaseri‚
1069 3750 1109 3791 ex
1125 3749 1195 3806 quo
1213 3729 1310 3792 Dfius
1327 3729 1477 3792 Kellner.

371 3829 496 3892 Modus
523 3830 783 3892 Glauberianas.
833 3827 1037 3892 Methodum
1062 3829 1275 3905 praedictam
1298 3829 1403 3902 tradit
1427 3829 1533 3893 etiam

334 3928 529 3993 Glauberus
558 3929 593 3991 in
622 3936 774 3992 tractatu
803 3930 834 3992 T
831 3922 1045 3991 euschland2¹
1083 3929 1255 4004 Wolzljart
1284 3938 1419 4000 vocato.
1449 3929 1536 3993 adeo

334 4039 370 4093 ut
395 4031 604 4093 verbotenus
625 4028 798 4093 coincidat
822 4043 900 4118 cum
926 4029 994 4091 Dr'ri
1018 4027 1166 4106 Glaseri3
1196 4029 1256 4092 sed
1272 4028 1377 4093 alium
1394 4029 1534 4093 modum

332 4129 437 4193 tradit
464 4127 556 4205 alibi,
583 4128 757 4192 nimirum:
803 4127 1006 4205 Recipiatur
1033 4131 1049 4191 1
1075 4149 1154 4205 pars
1181 4128 1262 4192 salis
1284 4128 1477 4192 communis
1501 4138 1535 4192 et

333 4228 518 4294 misceatur
540 4250 618 4292 cum
633 4230 652 4291 2
669 4227 723 4291 vel
739 4231 758 4291 3
773 4227 877 4292 calcis
893 4227 1039 4306 lapideae
1055 4227 1200 4300 solutae.
1220 4228 1448 4293 transferatur
1463 4228 1536 4292 haec

335 4329 482 4392 mixtura
498 4329 532 4391 in
549 4327 673 4404 locum,
690 4327 746 4392 ubi
763 4327 924 4391 immunis
940 4335 991 4391 est
1007 4351 1028 4392 a
1044 4327 1170 4406 pluvia,
1186 4329 1247 4392 sed
1262 4327 1297 4392 in
1313 4350 1416 4405 quem
1433 4350 1537 4406 pene-
