3442 5302
638 980 816 1060 rumex
842 982 1188 1087 PAorrrARuM·

306 1202 341 1266 in
365 1201 431 1267 hoc
459 1204 516 1266 DF.
542 1204 637 1267 SALE
661 1225 777 1281 opere,
796 1203 831 1266 in
856 1201 980 1279 quibus
1002 1209 1163 1266 auctores
1178 1201 1324 1278 librique
1340 1201 1375 1265 in
1390 1202 1503 1267 indice

305 1302 474 1380 superiori
490 1303 661 1380 designati
677 1303 775 1368 citati
791 1312 881 1367 sunt.

357 1495 362 1504 ·
423 1462 872 1528 Postinscriptionem“DeSale
913 1517 917 1527 ,

381 1584 383 1592 ,
456 1531 641 1594 Communi,’'
660 1536 726 1591 eto,
752 1536 781 1581 et
804 1545 873 1581 mox

455 1602 523 1647 ante
552 1597 639 1649 verba
670 1599 790 1664 “Caput
824 1598 870 1659 I,''

456 1669 535 1726 ete,
567 1670 728 1730 sequuntur
761 1664 873 1716 verba

457 1733 572 1784 haecce:
765 1745 767 1752 ·

425 1805 545 1855 “Index
569 1819 596 1869 p.
622 1805 672 1868 328
704 1803 793 1870 [apud
820 1819 874 1855 nos

457 1886 484 1936 p.
498 1873 556 1922 VII
569 1870 643 1937 seq.]

424 1937 498 1988 Dfii
538 1936 700 1994 Lehmanni
737 1935 873 1992 Liede-

456 2005 603 2064 Mechine,
617 2005 683 2056 vide
696 2006 835 2059 Lehman.

459 2072 543 2122 “Dfii
579 2073 718 2127 Lehman.
743 2070 874 2122 Gradier·

456 2137 875 2190 hauseoderZusammenordi·

457 2204 573 2271 nitung,
604 2205 688 2256 vide
732 2207 871 2266 Lehman,

457 2273 545 2323 etiam
556 2277 687 2337 sequent.
703 2277 813 2323 tractat.

426 2343 444 2366 ‘⁴
453 2340 510 2390 Dr'ri
522 2338 685 2396 Lehmanni
697 2341 875 2389 Instrumen-

457 2413 520 2457 tum
539 2407 575 2457 ad
593 2405 874 2457 meliorifiostionem

457 2473 624 2525 coctionum
652 2473 720 2524 salis
747 2473 778 2522 in
808 2475 873 2523 Neu

456 2541 564 2602 sultza,
589 2539 656 2590 vide
688 2541 815 2595 Lehmau
845 2544 875 2590 et

457 2613 536 2658 tract.
588 2612 719 2671 sequent.
767 2607 876 2656 Fontes

457 2673 874 2740 pauperesmelioresreddere,

457 2741 524 2792 vide
532 2742 666 2831 ,Lehmen
676 2746 706 2790 et
714 2745 793 2791 tract.
803 2756 874 2806 seq.,

459 2809 526 2859 etc)

425 2879 507 2927 Haec
524 2874 619 2934 verba,
635 2878 667 2924 ut
681 2872 805 2934 videtur,
819 2873 876 2924 lec·

458 2948 551 2993 torem
580 2941 711 3005 relegant
738 2941 774 2992 ad
803 2955 877 3005 opus

458 3009 613 3076 quoddam,
637 3006 698 3058 sive
733 3007 771 3057 sit
804 3011 876 3058 Acta

460 3075 610 3142 quaedam,
621 3074 681 3124 sive
694 3073 783 3136 aliud,
792 3073 838 3141 cuj
844 3090 877 3125 us

458 3144 489 3194 in
513 3141 628 3208 paginis
652 3141 813 3196 Lehmanni
833 3140 877 3190 in·

459 3215 618 3261 strumenta
646 3208 683 3259 ad
705 3209 747 3258 sal
771 3207 877 3258 melius

459 3275 874 3342 coquendumdescriptasuut.

460 3347 545 3395 Forte
577 3342 737 3398 Lehmanni
769 3341 878 3393 liber

460 3415 548 3464 Burro
567 3413 710 3470 Bonane,
725 3409 830 3460 citatus
845 3408 877 3458 in

461 3493 524 3544 pag.
548 3492 589 3540 50,
604 3482 681 3538 nota,
696 3491 733 3525 ex
751 3491 809 3541 quo
829 3476 878 3526 de·

460 3543 635 3596 lineationes
655 3543 686 3594 in
707 3557 771 3608 pag.
795 3555 824 3604 51
848 3547 878 3592 et

461 3624 492 3677 53
522 3609 681 3662 indubie
709 3610 876 3674 desumptae

461 3685 537 3740 sunt,
552 3682 596 3728 est
617 3677 653 3728 ad
669 3691 756 3742 quem
769 3678 878 3741 relegat

461 3746 765 3797 nosterlectorem.
810 3747 880 3793 Per

462 3818 480 3841 ⁴‘
491 3818 570 3864 tract.
586 3813 667 3877 seq.‘’
681 3808 792 3860 intellit
804 3809 877 3860 forte

459 3886 541 3932 tract.
554 3881 608 3929 hoc
621 3882 667 3932 DE
679 3879 769 3932 SALE.

361 3965 375 4015 5
435 3948 611 4014 (figura),ut
623 3951 660 3996 et.

345 4033 375 4070 12
427 4031 483 4080 seq.
520 4013 650 4064 Kellner.

346 4089 378 4138 16
427 4099 481 4148 seq.
519 4084 594 4132 Haec
623 4077 722 4130 omnia
748 4076 778 4127 in
808 4077 875 4141 Cap.

1086 1461 1134 1511 vel
1152 1477 1189 1512 ex
1207 1476 1295 1526 opere
1313 1462 1439 1527 quodam
1456 1464 1505 1515 de·

1086 1534 1201 1594 sumpta
1223 1528 1309 1606 cujus
1332 1528 1363 1579 in
1387 1529 1501 1595 paginis

1087 1597 1268 1659 Rzaczynsln
1313 1600 1344 1645 et
1388 1598 1505 1649 Connor

1087 1661 1168 1714 citati
1186 1667 1263 1713 sunt.

1053 1734 1072 1786 l.
1112 1747 1151 1784 10.
1188 1735 1310 1786 verbum
1331 1735 1500 1802 “aliquos''

1087 1797 1197 1852 indicat
1237 1803 1432 1856 Etmullerum
1472 1803 1502 1854 in

1089 1866 1140 1932 Op.
1161 1867 1296 1932 Medicis,
1313 1875 1343 1920 et
1360 1871 1505 1924 Schrdder

1087 1933 1118 1983 in
1131 1933 1306 1988 Dilucidato
1325 1935 1357 1987 in
1371 1937 1505 1989 Mineru-

1088 2000 1179 2065 logia,
1210 2008 1242 2054 ut
1265 2009 1345 2069 patet
1362 2019 1401 2055 ex
1421 2003 1485 2056 Act.

1088 2067 1168 2119 Mar.
1192 2068 1303 2133 Barth,
1322 2088 1359 2123 en
1380 2073 1453 2137 1699,
1475 2087 1502 2138 p.

1088 2145 1128 2197 72.

1054 2216 1108 2266 seq.
1124 2200 1203 2253 Dict.
1218 2202 1253 2254 de
1266 2203 1439 2256 Commercc.

1055 2269 1190 2332 Boyleus,
1227 2271 1379 2323 Hoffman.

1055 2334 1183 2387 Baccius.

1056 2401 1173 2454 Caesius.

1054 2484 1108 2534 seq.
1130 2469 1212 2520 Dici.
1229 2469 1264 2521 dc
1278 2471 1448 2523 Commerce.

1055 2550 1110 2600 seq.
1147 2540 1330 2600 Anonymns,
1386 2539 1503 2590 Noun.

1091 2602 1185 2654 Cours
1196 2603 1231 2654 de
1244 2605 1371 2670 Chymie.

1056 2683 1111 2734 seq.
1132 2668 1292 2736 Agricola.-

1055 2751 1110 2802 seq.
1131 2737 1212 2790 Dici.
1228 2737 1263 2790 de
1276 2739 1447 2791 Commerce.

1057 2802 1175 2855 Caesius.

1057 2885 1111 2934 seq.
1133 2869 1209 2922 Actu
1223 2871 1342 2937 Lipsiae.

1057 2952 1111 3003 seq.
1147 2937 1226 2989 Nou.
1241 2939 1301 2990 Lit.
1315 2940 1394 2990 Mar.
1407 2939 1505 2990 Balth.

1057 3018 1111 3068 seq.
1149 3005 1231 3057 Dict.
1244 3006 1279 3057 de
1293 3006 1372 3060 Com.

1056 3086 1111 3135 seq.
1148 3072 1297 3124 Hoffman.

1058 3138 1207 3189 Rossleris.

1057 3219 1110 3270 seq.
1148 3205 1369 3260 Dicideoom.

1056 3286 1111 3336 seq.
1147 3273 1290 3338 Agricola.

1057 3339 1140 3391 Bres.
1155 3339 1228 3390 Nat.
1244 3339 1306 3390 und
1317 3339 1395 3392 Med.
1411 3339 1473 3390 Ges.

1058 3405 1183 3457 Caesius

1058 3488 1111 3538 seq.
1137 3474 1220 3524 Brcs.
1231 3473 1301 3524 Nat.
1312 3489 1341 3524 u.
1353 3472 1430 3523 Med.
1443 3473 1505 3524 Ges.

1057 3554 1113 3604 seq.
1149 3539 1225 3591 Acta
1238 3540 1365 3606 Lipsiae.

1058 3621 1113 3671 seq.
1150 3608 1330 3672 L’Emmery.

1058 3689 1113 3738 seq.
1150 3675 1273 3725 Febnre.

1059 3745 1114 3858 gli
1136 3744 1265 3858 Ι)Μ,οτῖ,
1311 3739 1506 3791 Barckhusen.

1116 3823 1194 3857 uer.

958 3890 990 3941 97
1060 3876 1233 3926 Boerheave.

958 3944 991 4008 98
1060 3944 1099 3997 Le
1113 3944 1198 3992 Mort.

959 4026 991 4076 99
1059 4012 1153 4059 Anon.
1208 4007 1306 4058 Noun.
1346 4005 1440 4057 Cours
1475 4004 1510 4055 de

1095 4073 1223 4140 Chymie.
1260 4073 1383 4124 Febure.

462 4152 513 4209 IV,
544 4149 591 4198 vel
621 4162 659 4196 ex
686 4143 876 4206 Rzaczynski,
944 4156 993 4193 100
1059 4156 1113 4206 seq.
1151 4145 1190 4196 Le
1204 4144 1288 4191 Mort.

463 4218 587 4276 Connor,
610 4213 689 4264 Nov.
714 4211 773 4262 Lit.
795 4211 875 4260 Mar.
944 4223 990 4261 101
1060 4209 1255 4269 Barckhusen,
1278 4207 1413 4269 Glauber,
1435 4209 1510 4256 Maz-

461 4281 601 4342 Baltlrici,
615 4286 646 4330 et
658 4277 737 4329 Dict.
750 4277 784 4328 de
797 4277 879 4329 Com-

1094 4281 1180 4326 zotes.

462 4364 556 4401 merce
592 4346 765 4400 concinnata
800 4349 877 4407 sunt,
945 4357 991 4394 102
1046 4357 1116 4407 rseq.
1154 4341 1305 4391 Hoffman.
