3442 5302
308 671 366 728 114
667 657 734 718 DE
757 657 883 719 SALE
907 655 1146 721 COMMUNI

301 839 490 903 thermales
519 860 627 915 aquas
656 859 876 916 componere,
909 839 970 902 sed
1000 858 1074 902 esse
1104 847 1235 904 certam
1266 858 1429 916 saporum
1459 860 1500 902 ac

301 938 424 1002 salium
441 938 626 1009 miseelam,
646 948 741 1002 certa
768 941 993 1015 proportione
1009 959 1050 1000 ex
1066 945 1190 1001 natura
1207 947 1374 1015 paratam,
1395 959 1499 1014 quam

302 1038 394 1102 nulla
423 1060 478 1102 ars
507 1037 670 1101 immitari
701 1047 827 1115 potest,
857 1059 935 1102 cum
963 1037 1056 1101 nulla
1082 1047 1243 1101 notorum
1270 1037 1393 1102 salium
1420 1037 1501 1101 arti·

301 1138 421 1202 ficialis
436 1138 648 1202 combinatio
665 1158 724 1202 eos
739 1159 881 1215 sapores
898 1137 1011 1201 valeat
1029 1139 1192 1215 praebere.

345 1239 503 1304 Contenti
529 1239 650 1304 Costri
679 1239 738 1302 Sti
765 1240 875 1314 Petri,
902 1239 1003 1314 vulgo
1028 1236 1119 1302 della
1146 1237 1328 1314 Figatella,
1355 1239 1392 1300 in
1415 1261 1500 1314 agro

300 1339 515 1413 Bononiensi,
531 1361 572 1401 ex
584 1340 781 1414 nuperrimo
793 1339 956 1401 relatione
970 1339 1043 1400 Dnz'
1051 1339 1173 1414 Jacobi
1187 1338 1405 1401 Zoinbeccori
1412 1331 1431 1411 ¹,
1447 1338 1500 1400 his

299 1438 426 1502 verbis:
464 1439 573 1502 Facta
602 1440 646 1501 ad
672 1437 786 1513 ignem
814 1437 1062 1514 evaporatione
1089 1458 1187 1515 aquae
1215 1437 1387 1515 praedietae
1414 1439 1458 1501 ad
1481 1441 1498 1501 5

299 1537 403 1601 libras
429 1547 463 1602 et
490 1537 626 1601 unciam
652 1538 755 1601 semis
781 1537 945 1600 remansit
970 1537 1004 1600 in
1026 1537 1134 1600 fundo
1158 1536 1269 1614 pulvis
1291 1537 1496 1613 albissimuS,

298 1639 369 1701 sali
398 1640 540 1711 morino,
571 1637 686 1714 quoad
714 1658 885 1713 saporem,
913 1636 1105 1714 persimilis,
1155 1637 1246 1701 Hinc
1276 1637 1498 1703 manifestum

299 1737 482 1810 existimat,
503 1737 702 1815 nihilaliud
725 1737 759 1800 in
783 1738 875 1801 dicta
891 1759 981 1815 aqua
997 1737 1177 1828 contineri,
1198 1759 1302 1814 quam
1318 1747 1446 1801 terram
1463 1747 1498 1801 et

298 1837 406 1902 salem
443 1859 672 1902 communem,
733 1839 909 1915 Saponem
940 1838 1071 1914 optime
1105 1837 1218 1914 solvit,
1252 1838 1449 1902 nullatenus
1479 1859 1498 1901 a

299 1960 409 2016 pauca
424 1948 523 2001 terrae
537 1938 743 2016 quantitate,
764 1960 831 2014 qua
848 1938 1006 2012 inficitur,
1026 1937 1202 2014 impedita.

342 2039 483 2114 Onfiani
504 2060 600 2114 oqnoe
622 2040 722 2101 salso
745 2040 780 2101 in
804 2061 889 2114 agro
904 2039 1078 2114 Regiensi,
1097 2061 1139 2100 ex
1163 2039 1366 2102 Vallisnerii
1381 2061 1499 2101 mann·

297 2140 434 2214 scripto.
483 2138 622 2201 Onfiani
650 2159 772 2214 gurges
798 2160 896 2214 aquae
923 2137 1021 2200 salsae
1048 2139 1135 2201 adeo
1158 2138 1319 2215 copiosus
1335 2138 1494 2215 erumpit,

298 2247 335 2302 ut
352 2260 414 2315 pro
432 2237 620 2301 Molendini
643 2237 727 2301 rotis
751 2237 926 2300 vertendis
949 2238 1103 2302 sufficiat.
1140 2238 1190 2300 lbi
1207 2238 1398 2314 antiquitus
1424 2259 1499 2315 per-

297 2338 426 2401 feetum
449 2337 499 2400 sal
523 2337 638 2400 fossile
662 2337 875 2401 esculentum
893 2359 955 2414 pro
971 2337 1131 2401 humanis
1148 2338 1263 2400 usibus
1278 2337 1498 2411 laborabant,

296 2438 409 2501 adhue
426 2437 587 2514 plumbea
603 2458 685 2501 vasa
702 2447 736 2501 et
752 2437 819 2501 alia
836 2437 950 2515 operis
966 2447 1170 2513 argumenta
1185 2445 1380 2515 supersunt.
1423 2437 1497 2500 Sul·

298 2537 437 2614 phureae
461 2538 566 2600 etiam
589 2537 713 2600 abinde
733 2559 801 2600 non
818 2537 920 2612 longe
936 2547 1071 2601 scatent
1087 2559 1195 2614 aquae,
1216 2559 1256 2600 ex
1273 2537 1397 2614 quibus
1412 2537 1498 2601 obiit

298 2638 444 2700 rusticus
461 2637 591 2700 bibens.

347 2739 498 2800 Tlierince
512 2748 544 2800 et
558 2738 632 2801 luta
650 2738 831 2814 Querciolce
847 2740 883 2800 in
899 2761 984 2812 agro
999 2740 1172 2813 Regiensi.
1214 2737 1497 2814 Septentrionem

297 2857 415 2900 versus
437 2845 533 2901 trans
548 2836 750 2901 Ternarium
767 2847 959 2901 torrentum
976 2847 1028 2901 est
1044 2859 1134 2914 aqua
1150 2837 1340 2913 thermalis;
1364 2837 1495 2913 ebullit,

299 2936 416 3014 pallet,
437 2937 544 3013 mugit
567 2937 678 3000 solum
702 2946 871 3015 perpetuo
895 2937 1031 3000 fumans
1053 2959 1094 3001 ac
1116 2937 1241 3012 fluxile,
1261 2939 1353 3014 quod
1370 2937 1496 3001 salsam

296 3036 418 3101 incolae
443 3037 635 3112 Querciolae
658 3046 794 3110 vocant,
814 3038 859 3100 ob
882 3047 1088 3100 caementum
1111 3037 1249 3113 salsum,
1270 3039 1363 3114 quod
1379 3037 1497 3114 coquit

298 3147 341 3223 et,
360 3147 529 3214 perpetuo
557 3137 673 3215 expuit
698 3137 755 3201 illa
781 3147 911 3200 naturae
939 3137 1109 3214 perennis,
1130 3146 1167 3201 ut
1189 3137 1237 3200 ita
1254 3137 1376 3210 dicam,
1397 3147 1432 3201 et
1447 3138 1497 3203 ine

297 3237 548 3301 combustibilis
564 3237 641 3300 olla.
683 3237 825 3301 Diceres
841 3258 1023 3300 accensum
1040 3237 1205 3300 continuo
1218 3236 1355 3300 latitare
1367 3238 1493 3313 ignem,

297 3359 375 3401 cum
398 3347 567 3400 nocturno
584 3337 754 3415 praeeipue
770 3347 941 3414 tempore;
965 3336 1104 3413 quando
1120 3336 1210 3410 furit,
1230 3358 1390 3401 unacum
1407 3339 1497 3401 saxis

299 3437 473 3514 fluidoque
500 3437 582 3500 limo
606 3437 762 3500 flammas
789 3445 935 3513 eructet;
967 3440 1025 3500 100
1048 3435 1207 3502 diametri
1231 3439 1337 3515 pedes
1362 3437 1498 3502 circiter

298 3546 456 3615 occupat,
476 3538 536 3600 sed
559 3537 701 3600 fervoris
717 3537 811 3600 locus
828 3558 896 3599 non
924 3536 1051 3613 ubique
1074 3547 1199 3613 turget,
1219 3547 1254 3600 et
1269 3537 1387 3601 sedem
1404 3558 1496 3615 saepe

300 3645 421 3702 mutat.
478 3637 687 3715 Projecimus
716 3658 807 3711 saxa,
842 3657 917 3713 quae
948 3658 1017 3699 non
1047 3637 1120 3699 sine
1151 3636 1322 3726 profundo
1349 3638 1495 3716 strepitu

298 3738 551 3802 descenderunt
574 3738 607 3800 in
631 3739 816 3801 baratrum.
861 3737 1038 3800 Interdum
1062 3736 1225 3800 animalia
1248 3737 1431 3800 minoraet
1448 3738 1495 3801 in·

298 3846 419 3901 cautos
441 3839 547 3900 boves
562 3837 749 3910 absorbuit,
769 3857 855 3913 quos
871 3846 993 3913 postea
1008 3846 1137 3911 coetos
1156 3837 1359 3913 absumptos
1375 3845 1409 3900 et
1425 3836 1495 3900 iere

299 3958 438 4002 exosses
460 3938 622 4000 evomuit.
671 3938 758 4000 Cum
781 3936 871 4001 ultra
893 3937 1032 4000 solitum
1049 3937 1159 3999 acrius
1176 3936 1294 4013 mugit,
1313 3946 1391 4001 tuto
1407 3937 1497 4001 iutu-

299 4059 372 4102 ram
399 4037 549 4114 pluviam
572 4036 791 4114 praenuntiat,
810 4058 984 4113 sonusque
1008 4037 1207 4100 bombardis
1231 4030 1373 4100 aemulus
1390 4037 1494 4101 etiam

298 4140 342 4202 ad
358 4137 623 4215 propinquiores
637 4146 747 4200 terras
763 4137 967 4200 extenditur.
1008 4138 1072 4199 Est
1089 4158 1178 4214 aqua
1194 4137 1392 4214 aliqualiter
1406 4137 1495 4201 salsa

297 4237 376 4301 hinc
392 4237 557 4301 armentis
572 4237 606 4300 in
623 4246 707 4314 potu
724 4236 932 4313 gratissima;
954 4236 1064 4300 lutum
1080 4237 1152 4314 ejus
1168 4236 1295 4300 salsum
1311 4238 1403 4314 apud
1419 4257 1497 4300 nos·

296 4346 405 4402 trates
433 4359 526 4416 saepe
552 4337 586 4400 in
613 4358 674 4400 usu
701 4347 762 4401 est.
811 4339 842 4399 E
864 4336 978 4401 radice
1003 4336 1129 4400 montis
1152 4337 1286 4413 nigrum
1302 4337 1495 4415 petroleum
