3524 5314
341 751 378 812 16
704 748 888 846 basari:
910 747 1124 812 connum

886 951 936 1013 lV.

622 1137 746 1200 MONS
770 1135 948 1199 SALlNllS
974 1136 1199 1199 POLONIAE.

381 1327 478 1388 Circa
493 1325 673 1388 Boclrniam
692 1341 754 1385 non
771 1325 880 1403 procul
897 1343 916 1384 a
933 1323 1096 1385 Cracovia
1110 1325 1178 1385 loca
1192 1325 1397 1403 reperiuntur
1409 1343 1483 1403 quae

339 1428 407 1488 fere
420 1429 602 1488 subcavata
618 1431 652 1487 et
664 1424 806 1487 suffossa
822 1431 912 1500 sunt,
938 1428 1015 1485 sunt
1041 1425 1128 1485 enim
1145 1423 1265 1485 fodinae
1289 1426 1331 1486 ibi
1354 1426 1480 1488 salinae.

246 1597 260 1626 κ
340 1529 424 1590 Loca
440 1529 593 1608 praedicta
610 1532 688 1588 sunt
705 1525 865 1587 Boclrnia¹
883 1530 916 1587 et
932 1524 1142 1602 Wieliczlra¹;
1158 1524 1266 1587 fodina
1288 1526 1483 1589 Wieliczlra’

338 1629 454 1714 dicitur
475 1629 536 1706 456
551 1628 671 1706 gradus
692 1626 922 1706 profunditatis
943 1627 1077 1702 habere,
1100 1626 1158 1687 sed
1182 1627 1266 1687 circa
1287 1627 1482 1688 Boclrniam⁴

340 1748 402 1791 non
428 1730 488 1790 nisi
510 1730 550 1790 80
571 1730 689 1789 scalas.
732 1725 933 1806 Rsacfynski
959 1725 1060 1788 refert
1085 1726 1251 1800 detectum
1273 1727 1375 1789 fuisse
1401 1746 1483 1807 opus

338 1833 398 1892 troc
426 1831 564 1891 salinum
596 1846 683 1890 anno
712 1841 787 1906 1251
820 1845 876 1907 per
907 1826 1179 1905 Cuningundum,
1212 1829 1307 1907 cujus
1339 1831 1483 1892 annulus

338 1934 380 1993 ibi
405 1937 554 2011 repertus
580 1930 708 1991 fuisset.
755 1928 893 1990 Cannos
920 1927 1020 1989 refert
1045 1945 1127 2007 opus
1152 1929 1313 2006 quoddam
1341 1931 1480 1992 salinum

339 2038 502 2112 repertum
537 2031 639 2093 fuisse
676 2050 694 2091 a
731 2034 843 2091 sutore
880 2029 1019 2107 quodam
1057 2046 1143 2090 anno
1177 2031 1266 2107 1548,
1304 2033 1370 2109 qui,
1408 2050 1480 2093 cum

337 2139 471 2213 puteum
502 2132 664 2210 quendam
696 2129 866 2206 effoderet,
898 2130 1125 2191 adinvenisset
1153 2130 1291 2206 fontem,
1326 2133 1357 2192 in
1388 2134 1482 2212 cujus

339 2235 444 2296 medio
474 2234 592 2294 fuisset
623 2233 769 2292 murulus
795 2231 924 2308 quidam
955 2231 1064 2292 tenuis
1094 2235 1253 2292 constans
1290 2229 1481 2308 sale3'tunc

338 2337 453 2397 incolae
477 2336 574 2413 nujus
601 2333 738 2411 regionis
764 2349 805 2392 ex
833 2331 958 2394 illorstif
981 2331 1173 2411 profundius
1202 2332 1307 2393 adbuc
1338 2332 1481 2396 effodere

338 2442 473 2515 puteum
502 2435 664 2513 incepere,
688 2439 722 2494 et
755 2450 811 2512 per
842 2447 1077 2494 200annorum
1097 2433 1238 2510 spatium
1264 2434 1482 2496 adinvenere*

338 2536 496 2598 infinitam
529 2536 605 2596 salis
635 2535 866 2610 quantitatem,
905 2549 968 2607 quo
999 2533 1038 2594 ad
1070 2533 1243 2594 maximam
1275 2539 1400 2614 partem
1432 2538 1481 2597 usi

338 2644 416 2700 sunt
454 2637 578 2710 Poloni,
618 2634 825 2710 Silesienses,
866 2633 999 2694 Bohemi
1033 2638 1096 2696 etc.
1134 2640 1169 2695 ut
1196 2641 1230 2696 et
1262 2637 1315 2714 qui
1354 2643 1479 2715 partem

340 2739 490 2818 Ungariae
515 2738 636 2798 colunt.
672 2735 807 2797 Reditus
829 2751 869 2794 ex
892 2735 942 2794 bis
964 2735 1076 2795 salinis
1097 2740 1231 2813 putatur
1253 2753 1329 2797 esse
1345 2739 1483 2814 800,000

337 2840 588 2920 Tympfensive,
613 2849 730 2915 25,ooo
754 2837 952 2896 thalerorum
981 2835 1195 2914 imperialium
1213 2839 1401 2914 quotannis.
1447 2840 1479 2900 ln

337 2944 407 3021 ipsa
423 2941 532 3002 fodina
548 2943 627 2999 sunt
641 2939 751 3016 plures
767 2937 894 2997 semitae
907 2940 941 2996 et
956 2936 1031 3012 viae,
1049 2953 1123 3014 quae
1140 2940 1202 2998 buc
1219 2943 1253 2999 et
1268 2940 1341 3000 illuc
1359 2957 1394 3000 se
1411 2957 1481 3001 cur·

337 3050 419 3104 vant
435 3048 468 3102 et
484 3043 628 3114 sinuant,
643 3043 758 3115 estque
775 3038 805 3096 in
830 3038 907 3097 locis
930 3035 1191 3115 profundioribus
1214 3039 1375 3102 simillima
1398 3042 1480 3118 urbi,

337 3145 418 3206 adeo
444 3149 479 3203 ut
495 3143 632 3201 multum
655 3139 808 3216 temporis
830 3138 1025 3214 requiratur,
1049 3143 1227 3217 antequam
1246 3141 1331 3202 illam
1355 3143 1481 3222 integre

338 3246 433 3306 liceat
449 3259 630 3322 permeare.
663 3240 831 3301 Circuitus
844 3240 886 3299 illi
904 3240 947 3299 ita
963 3243 1042 3300 sunt
1059 3242 1248 3318 constructi,
1268 3248 1303 3304 ut
1320 3245 1481 3306 columnae

336 3347 379 3407 ibi
396 3346 516 3405 relictae
533 3343 640 3403 ubivis
656 3342 722 3402 sint
738 3340 830 3417 quasi
846 3338 1039 3400 fulcimenta
1061 3358 1140 3418 puro
1156 3344 1225 3402 sale
1248 3346 1433 3406 constantia
1449 3347 1480 3406 in

336 3449 424 3507 illum
441 3444 540 3506 finem
562 3442 726 3517 factasne
749 3440 857 3502 fodina
879 3434 1077 3518 collabatur;
1104 3443 1222 3504 dantur
1243 3449 1353 3507 tamen
1376 3464 1481 3525 usque

337 3548 487 3626 exempla
504 3545 588 3623 qnod
606 3546 767 3604 columnae
790 3543 822 3602 in
844 3543 929 3602 dicta
941 3540 1050 3603 fodina
1067 3543 1132 3603 sint
1149 3545 1313 3624 collapsae,
1329 3549 1480 3626 quodque

337 3653 476 3729 ipsamet
486 3645 622 3707 aedifrcia
636 3662 734 3722 supra
747 3648 865 3704 terram
877 3643 1055 3704 constituta
1067 3645 1277 3708 subsiderint.
1307 3646 1481 3710 Columnae

337 3751 431 3811 dictae
453 3747 704 3827 pulcherrimum
727 3746 876 3824 praebent
897 3749 1123 3823 prospectum;
1154 3764 1227 3806 cum
1251 3749 1336 3809 enim
1359 3751 1481 3810 lumine

336 3851 599 3929 perstringuntur
615 3852 776 3926 apparent
790 3846 891 3906 instar
905 3845 1075 3923 chrystalli
1094 3847 1288 3910 nitidissimi.
1337 3851 1382 3911 Ad
1397 3851 1482 3914 Wie-

337 3950 438 4013 liczlra
454 3951 628 4011 formatum
646 3955 698 4008 est
713 3948 870 4025 templum
888 3963 929 4005 ex
945 3963 1024 4024 puro
1041 3948 1110 4008 sale
1130 3952 1214 4009 utet
1236 3954 1345 4011 statua
1367 3952 1479 4030 ipsius·

338 4058 404 4114 met
422 4053 560 4129 Augusti
580 4050 648 4110 11di
666 4049 773 4127 Regis.
821 4049 854 4109 ln
871 4048 948 4108 locis
964 4049 1015 4110 bis
1031 4050 1255 4111 subterraneis
1279 4051 1390 4113 videre
1408 4053 1481 4113 licet

337 4153 582 4231 Rempublicam
600 4151 763 4228 quandam
780 4151 1041 4226 subterraneam,
1067 4168 1141 4228 quae
1157 4169 1234 4212 suas
1257 4154 1358 4214 habet
1380 4156 1481 4232 legeS,

337 4274 414 4316 suas
431 4255 528 4315 etiam
545 4253 703 4328 familias;
720 4256 798 4311 sunt
814 4250 856 4311 ibi
873 4251 948 4327 equi
971 4251 1010 4311 ad
1034 4253 1235 4330 exportanda
1250 4253 1354 4315 frusta
1378 4257 1482 4317 salina

337 4357 377 4417 ad
394 4359 463 4417 loca
480 4374 498 4416 a
515 4355 632 4432 quibus
649 4354 879 4427 sublevantur,
898 4353 952 4429 qui
968 4353 1043 4429 equi
1060 4372 1229 4430 nunquam
1247 4356 1361 4417 vident
1377 4357 1480 4434 diem;

337 4464 414 4519 sunt
430 4459 528 4518 etiam
546 4456 811 4516 machinamenta
827 4456 918 4532 plura
935 4454 965 4514 in
983 4456 1107 4533 abysso
1122 4454 1241 4517 fodinae
1258 4459 1372 4536 nujus:
1391 4462 1481 4520 multi

336 4560 434 4621 etiam
451 4559 601 4620 homines
616 4558 765 4618 dicuntur
781 4556 822 4616 ibi
839 4556 939 4616 nasci.
