3524 5314
576 758 1149 840 PROBATIOAQUAESALINAE
1420 774 1436 838 3

290 944 403 1004 iorrnae
427 943 581 1005 distincta
605 949 638 1005 et
663 945 802 1005 invicem
817 945 933 1009 divisa.
979 943 1089 1007 Salina
1107 945 1160 1006 illa
1183 944 1437 1024 chrystallisatio

294 1045 334 1105 ad
346 1045 568 1106 summitatem
585 1045 659 1107 vitri
675 1046 793 1121 evasit,
811 1050 845 1106 et
862 1063 925 1106 non
935 1045 1217 1125 modomarginem
1235 1046 1307 1108 vitri
1321 1046 1437 1107 densa·

290 1145 348 1222 vit,
367 1146 423 1206 sed
441 1146 538 1207 etiam
556 1146 642 1206 latus
664 1145 738 1207 vitri
761 1150 934 1207 externum
959 1162 1063 1225 usque
1086 1147 1126 1208 ad
1150 1164 1248 1208 unam
1272 1147 1344 1226 ejus
1366 1164 1437 1225 par·

289 1252 355 1308 tem
366 1246 524 1327 pervasit,
542 1250 576 1308 et
587 1251 698 1308 crusta
713 1249 816 1308 salina
828 1251 895 1308 tam
912 1247 1064 1309 interiora
1075 1249 1147 1326 ejus
1161 1265 1259 1326 quam
1275 1247 1436 1309 exteriora

289 1348 444 1424 obduxit;
461 1352 570 1409 crusta
587 1348 639 1408 illa
655 1347 792 1409 crassior
809 1352 843 1408 et
858 1348 995 1409 crassior
1011 1347 1100 1410 facta
1116 1348 1195 1411 tuit:
1219 1363 1316 1409 omne
1340 1350 1387 1408 sal
1404 1347 1435 1409 in

289 1465 374 1526 aqua
390 1449 533 1510 solutum
557 1449 676 1509 circum
701 1449 802 1510 latera
826 1449 934 1524 baesit,
960 1449 1076 1526 exigua
1100 1465 1179 1510 vero
1201 1466 1276 1528 pars
1299 1447 1435 1510 fundum

289 1549 399 1628 petiit,¹
411 1548 664 1610 ubidistinctum
680 1549 899 1627 jacuitgranis
915 1548 1265 1628 amplioribuscubicis.
1312 1548 1435 1611 Vitrum

290 1654 361 1718 erat
376 1649 536 1710 vinarium
554 1653 588 1710 et
606 1666 711 1727 aquae
727 1648 768 1729 ,ts
791 1666 866 1728 pars
891 1649 988 1710 unius
1004 1651 1165 1726 canthari,
1187 1651 1240 1711 vel
1267 1649 1395 1729 pondus
1418 1651 1436 1713 8

290 1751 479 1826 lotbonum;
504 1750 601 1811 soluti
617 1754 695 1811 sunt
718 1749 794 1811 inibi
821 1751 859 1830 ιθ
881 1750 1032 1811 lotbones
1049 1750 1099 1810 die
1115 1751 1155 1813 28
1172 1750 1264 1828 ilat:
1282 1755 1315 1812 et
1330 1750 1436 1812 omnis

290 1868 373 1929 aqua
390 1851 430 1911 acl
454 1851 574 1911 siccum
592 1854 769 1929 evaporata
785 1849 846 1910 tuit
858 1849 908 1911 die
928 1849 965 1911 16
981 1850 1057 1912 luni
1078 1851 1267 1928 sequentis;
1285 1851 1436 1930 ponderis

289 1955 502 2028 augmentum
526 1949 648 2011 iactum
678 1949 739 2011 fuit
767 1950 806 2010 ad
827 1951 849 2030 t
869 1955 995 2029 partem
1025 1951 1121 2012 unius
1145 1952 1297 2024 lotbonis,
1320 1953 1372 2012 vel
1394 1952 1434 2013 ad

287 2051 328 2133 ᾗ
343 2056 468 2130 partem
494 2051 646 2130 ponderis
663 2049 756 2111 salini
773 2050 883 2113 soluti.

330 2169 360 2229 4.
408 2152 565 2215 Probatur
588 2151 686 2212 etiam
710 2167 806 2228 quam
830 2151 951 2229 optime
974 2168 1057 2229 aqua
1074 2153 1178 2213 salina
1202 2169 1256 2230 per
1279 2151 1617 2242 evaporafigggffiln'l·

287 2253 407 2314 tionem
425 2254 456 2313 in
467 2269 567 2312 arena
583 2252 636 2313 vel
652 2269 709 2331 per
720 2251 844 2312 lentum
858 2252 1011 2313 calorem.
1059 2252 1194 2313 Paratur
1207 2271 1225 2313 a
1240 2253 1434 2329 quibusdam
1445 2262 1517 2293 em

289 2353 396 2433 phiala
413 2354 464 2414 vel
482 2353 602 2414 vitrum
620 2351 727 2430 exigui
743 2353 827 2427 colli,
853 2357 886 2412 et
908 2353 953 2414 ita
977 2353 1155 2413 instituitur
1177 2354 1275 2429 calor,
1295 2358 1330 2414 ut
1345 2353 1435 2414 lente

289 2455 433 2533 expellat
458 2455 648 2529 humorem;
672 2453 746 2513 inde
768 2451 817 2528 fn,
842 2453 927 2530 quod
954 2470 1062 2529 omne,
1089 2454 1175 2531 quod
1201 2453 1434 2526 salinum‘est,

289 2559 469 2617 remaneat.
514 2553 636 2615 Putant
658 2553 755 2630 aliqui
778 2554 932 2630 majorem
951 2553 1028 2613 salis
1050 2553 1173 2632 copiam
1191 2555 1243 2614 vel
1259 2554 1434 2633 genuinam

288 2657 508 2733 quantitatem
520 2655 745 2733 ejusoblinere
757 2653 896 2732 pertalis
907 2654 1036 2730 generis
1047 2655 1326 2732 evaporationem,
1340 2660 1435 2717 autu·

290 2762 419 2818 mantes
434 2756 518 2833 quod
536 2755 624 2815 nulla
649 2754 727 2815 salis
745 2770 820 2832 pars
842 2747 999 2832 ejiciatur,
1024 2759 1060 2815 ut
1084 2772 1141 2833 per
1162 2755 1342 2816 coctionem
1368 2756 1435 2817 vio·

290 2858 411 2918 lentam
426 2879 432 2932 ;
449 2856 506 2917 sed
521 2872 624 2933 usque
641 2859 752 2914 tamen
770 2853 825 2913 vix
840 2854 941 2931 major
953 2871 1029 2933 pars
1041 2855 1115 2915 inde
1132 2855 1310 2931 obtinetur,
1324 2874 1360 2916 ac
1378 2873 1434 2936 per

289 2959 468 3019 coctionem
486 2956 666 3032 vulgarem.
714 2952 766 3015 Sal
783 2953 815 3014 in
839 2952 940 3014 tundo
957 2954 1104 3015 relictum
1129 2955 1346 3017 minutissime
1361 2974 1434 3035 gra-

291 3060 437 3119 nulatum
464 3061 527 3132 est,
552 3060 586 3117 et
608 3055 750 3134 speciem
774 3053 837 3115 lert
860 3070 970 3114 arenae
993 3055 1182 3133 cujusdam;
1206 3057 1287 3117 adeo
1311 3063 1346 3118 ut
1370 3074 1433 3119 non

289 3157 498 3220 exactissima
513 3157 681 3233 quantitas
697 3159 730 3216 et
745 3155 886 3232 qualitas
902 3155 977 3216 inde
993 3155 1130 3216 obtineri
1146 3156 1308 3221 videatur.

333 3271 361 3336 5.
409 3258 567 3320 Probatur
583 3257 681 3317 etiam
699 3272 783 3333 aqua
800 3255 905 3316 salina
920 3272 977 3335 per
993 3255 1174 3317 coctionem
1199 3258 1252 3318 vel
1277 3271 1613 3338 evapora-Perevnrorr·

289 3361 409 3420 tionem
427 3354 831 3435 tortioremetapertamin
849 3372 929 3416 vase
942 3356 995 3416 vel
1007 3354 1140 3434 figulino
1153 3358 1206 3418 vel
1218 3359 1296 3435 alio;
1313 3321 1577 3421 caven-lilliblll

290 3460 365 3520 dum
379 3465 491 3520 tamen
503 3463 555 3521 est
568 3475 608 3518 ne
622 3458 652 3517 in
666 3473 747 3516 vase
760 3449 866 3516 terreo
879 3457 931 3516 vel
943 3456 1078 3534 cupreo¹
1090 3454 1159 3533 frat,
1170 3475 1243 3519 nam
1258 3460 1435 3521 corroditur

289 3560 409 3620 terrum
425 3564 458 3620 et
474 3575 608 3638 cuprum
626 3576 645 3617 a
661 3558 742 3632 sale,
760 3557 834 3617 binc
857 3560 993 3634 praestat
1016 3557 1240 3635 probationem
1265 3559 1435 3622 instituere

289 3662 320 3721 in
345 3677 426 3720 vase
449 3658 593 3738 figulino,
612 3659 663 3718 vel
688 3660 843 3735 argenteo
860 3658 911 3717 vel
936 3657 1009 3719 alio.
1056 3656 1152 3719 Circa
1168 3676 1266 3738 opera
1282 3661 1434 3722 salinaria

290 3759 626 3840 usurpanturquidem
638 3758 784 3819 ahenea²
797 3773 916 3836 cuprea
927 3761 960 3818 et
976 3775 1056 3818 vasa
1068 3759 1433 3838 evaporatioriaterrea,

289 3861 345 3923 sed
358 3863 434 3940 quia
447 3878 511 3921 non
525 3860 618 3920 multi
634 3858 725 3938 pretii
738 3862 790 3918 est
807 3874 883 3918 num
897 3857 1002 3934 aliqua
1015 3874 1091 3936 pars
1104 3859 1433 3938 metallicorrodatur,

288 3963 439 4041 quoniam
457 3978 531 4040 pars
546 3961 600 4020 illa
617 3959 817 4020 distribuitur
833 3958 865 4017 in
878 3957 1094 4035 quantitatem
1118 3959 1196 4019 salis
1217 3977 1291 4037 quae
1315 3961 1357 4023 ibi
1379 3965 1435 4024 ob·

287 4064 409 4125 tinetur
421 4083 428 4139 ;
442 4067 476 4123 at
491 4078 563 4122 curn
581 4059 782 4139 probandum
792 4058 997 4132 sitlixivium‚
1008 4062 1086 4119 tunc
1099 4075 1207 4137 operae
1219 4061 1357 4139 pretium
1370 4067 1433 4139 est,

252 4203 260 4222 .
289 4170 355 4225 tam
373 4169 408 4224 ut
422 4165 510 4242 justa
525 4162 667 4239 qualitas
691 4159 889 4233 obtineatur,
912 4174 1008 4234 quam
1026 4163 1061 4219 ut
1077 4160 1263 4238 exploretur
1278 4164 1432 4239 qualitaS,

290 4265 364 4325 binc
381 4264 530 4324 exactius
545 4261 587 4322 ibi
603 4259 846 4322 observandum
864 4263 926 4333 est,
945 4263 980 4318 ut
997 4258 1073 4319 nibil
1097 4260 1151 4335 sit,
1174 4259 1259 4338 quod
1283 4262 1434 4326 immutet

290 4367 341 4426 vel
358 4364 575 4442 quantitatem
593 4363 646 4422 vel
663 4361 865 4439 qualitatem.

332 4467 481 4544 lmponas
508 4479 584 4542 ergo
607 4461 703 4522 ollam
727 4461 813 4521 illam
837 4457 1001 4536 figulinam
1025 4459 1102 4536 igni,
1135 4465 1168 4521 et
1202 4459 1326 4524 tortiter
1353 4465 1433 4525 satis

290 4583 431 4644 evapora
444 4563 588 4626 lixivium
613 4567 718 4637 tuum,
744 4576 847 4639 usque
863 4559 939 4620 dum
963 4575 1078 4638 purum
1103 4561 1150 4621 sal
1167 4561 1198 4621 in
1215 4561 1314 4625 tundo
1331 4580 1434 4626 rema-
