3524 5314
328 721 348 782 8
691 721 749 784 DE
769 721 876 785 SALE
898 721 1113 786 COMMUNI

121 901 298 943 P⁰²b¹¹⁸¹l⁰⁰¹¹¹
369 905 400 967 8.
448 904 506 966 Per
530 905 691 966 bilanoem
715 907 852 985 experiri
883 907 981 967 etiam
1006 907 1081 968 licet
1103 913 1262 985 quantum
1286 911 1364 970 salis
1387 927 1471 987 aqua

326 1005 506 1082 contineat3
515 1005 648 1082 scilicet,
661 1011 885 1086 praeparentur
894 1008 994 1086 primo
1003 1007 1112 1068 lixivia
1125 1009 1229 1069 salina
1238 1009 1359 1070 diversi
1372 1027 1471 1088 gene·

330 1107 384 1183 ris,
416 1113 450 1168 et
479 1107 613 1168 seorsim
638 1114 855 1187 reponantur3
880 1114 1080 1187 praeparetur
1106 1109 1250 1169 lixivium
1274 1111 1369 1188 cujus
1393 1111 1471 1170 libra

330 1209 497 1269 contineat
521 1225 533 1269 1
561 1209 726 1269 lotbonem
750 1209 840 1283 salis
860 1210 911 1268 vel
935 1223 965 1284 2,
985 1225 1013 1287 3,
1031 1226 1062 1286 4,
1090 1222 1118 1287 ς,
1142 1209 1163 1270 6
1187 1214 1251 1286 etc,
1276 1211 1358 1270 adeo
1382 1211 1470 1271 utin

329 1309 421 1369 vitris
437 1309 561 1369 habeas
577 1313 759 1388 praeparata
775 1309 833 1370 sed
849 1310 983 1370 seorsim
1001 1310 1106 1388 posita
1122 1331 1130 1386 ;
1147 1312 1198 1370 vel
1216 1311 1314 1373 etiam
1331 1311 1375 1370 ita
1391 1327 1471 1389 prae-

329 1425 426 1487 pares
442 1408 563 1484 lixivia,
582 1413 617 1470 ut
632 1409 717 1469 scias
732 1414 891 1486 quantum
909 1410 986 1470 salis
1002 1410 1043 1471 sit
1059 1411 1091 1471 in
1108 1415 1197 1472 certa
1214 1410 1355 1488 quadam
1380 1427 1472 1471 men-

329 1527 418 1585 sura,
434 1526 498 1570 non
512 1525 591 1570 vero
607 1509 638 1570 in
655 1514 744 1572 certo
760 1510 916 1589 pondere,
934 1510 1015 1571 adeo
1033 1516 1068 1571 ut
1084 1511 1169 1571 scias
1194 1528 1269 1571 num
1297 1527 1324 1586 1,
1342 1527 1371 1586 2,
1393 1527 1420 1588 3,
1439 1529 1469 1589 4,

332 1621 359 1687 5,
375 1611 397 1670 b
412 1610 464 1670 vel
481 1625 522 1671 20
544 1611 595 1670 vel
616 1625 652 1687 32
675 1611 827 1672 lotbones
850 1611 915 1671 sint
938 1611 969 1671 in
994 1611 1099 1673 modio
1123 1613 1175 1673 vel
1199 1613 1369 1673 cantharo.
1416 1613 1470 1673 llla

329 1715 513 1791 praeparata
528 1711 677 1788 acquiras
692 1711 750 1771 tibi
764 1712 858 1771 modo
875 1710 915 1771 de
930 1729 994 1789 quo
1010 1712 1041 1772 in
1056 1713 1248 1791 probatione
1262 1713 1470 1791 praecedente
1554 1727 1555 1732 ¹

330 1813 381 1872 vel
399 1828 473 1886 7ma
489 1811 610 1872 dictum
628 1815 691 1872 est.

370 1911 434 1973 Sed
450 1912 607 1990 perhanc
623 1911 844 1990 operationem
862 1913 999 1973 habebis
1014 1917 1143 1973 tantum
1160 1914 1355 1990 gravitatem
1370 1917 1472 1994 speci·

328 2011 421 2072 licam
439 2010 538 2072 lixivii
554 2011 648 2072 salini
664 2011 695 2073 in
713 2017 864 2091 respectu
882 2013 922 2072 ad
938 2013 1133 2090 gravitatem
1152 2029 1246 2089 aquae
1270 2014 1392 2091 dulcls;
1411 2017 1473 2075 sci-

329 2113 416 2188 licet,
433 2129 505 2172 cum
519 2111 603 2172 idem
620 2114 776 2173 volumen
793 2113 835 2173 sit
851 2113 950 2173 lixivii
966 2113 1059 2174 salini
1079 2117 1113 2173 et
1133 2113 1217 2174 idem
1239 2130 1334 2192 aquae
1356 2115 1470 2192 dulcis,

329 2218 407 2275 tunc
424 2230 480 2291 per
496 2213 582 2273 hunc
599 2213 761 2274 bilancem
785 2214 923 2274 habebis
946 2213 1055 2274 statim
1080 2211 1297 2275 differentiam
1321 2216 1472 2294 ponderis

329 2312 483 2393 specihci
497 2329 560 2391 quo
568 2313 656 2390 dat0,
671 2312 923 2392 exploraredein
935 2313 1211 2391 licebitquantum
1221 2316 1473 2377 saliscontineat

329 2415 431 2492 liquor
446 2414 667 2494 ponderosior.

373 2514 542 2595 Praepares
558 2516 611 2575 vel
628 2515 776 2593 acquiras
791 2514 849 2576 tibi
873 2515 1033 2575 bilanoem
1058 2515 1101 2576 ita
1124 2513 1247 2577 iactum
1266 2521 1302 2577 ut
1324 2517 1417 2578 vides
1439 2518 1471 2578 in

329 2617 441 2676 tabula
463 2615 623 2694 apposita,
649 2615 785 2690 scilicet,
812 2615 837 2674 K
863 2614 908 2692 L;
933 2615 1051 2676 ultrum
1077 2616 1250 2677 rotundum
1275 2617 1317 2678 sit
1341 2617 1363 2677 E
1386 2620 1471 2695 quod

231 2753 233 2758 ·
329 2716 533 2797 appendatur
556 2708 623 2796 ope'
640 2715 684 2776 fili
707 2715 891 2777 tenuissimi
913 2717 953 2776 ad
978 2733 1078 2777 unum
1107 2717 1215 2794 latus;
1241 2717 1264 2778 Β
1287 2718 1329 2778 sit
1352 2719 1472 2780 lamina

329 2833 448 2898 cuprea
481 2833 555 2895 quae
591 2834 690 2897 supra
727 2809 779 2878 'est
815 2833 981 2896 appensa;
1018 2818 1059 2877 ab
1097 2819 1201 2878 altera
1238 2824 1329 2898 parte
1367 2820 1408 2880 sit
1445 2824 1470 2880 Α

329 2919 427 2980 etiam
452 2936 493 2979 ex
516 2935 615 2997 cupro
636 2918 688 2978 vel
710 2917 872 2979 orichalco
894 2916 1031 2993 lactum,
1053 2919 1110 2978 sed
1132 2935 1204 2979 cum
1227 2920 1279 2980 illo
1295 2920 1472 2995 aequilibrio

329 3024 365 3081 ut
387 3019 632 3100 aequiponderet
661 3035 734 3078 cum
760 3018 843 3079 vitro
874 3019 896 3078 E
922 3018 954 3078 in
983 3035 1101 3097 aquam
1132 3019 1296 3095 immerso,
1322 3021 1381 3080 hoc
1407 3026 1469 3097 est,

328 3121 426 3181 debet
452 3124 542 3181 totus
579 3119 628 3180 bic
660 3119 770 3180 bilanx
800 3119 832 3179 in
862 3118 1039 3196 aequilibrio
1076 3135 1151 3180 esse
1188 3125 1282 3198 prout
1311 3120 1400 3181 illum
1431 3122 1471 3182 ad

328 3222 457 3281 oculum
493 3221 559 3298 jam
590 3220 694 3295 vides,
726 3219 860 3296 scilicet,
893 3236 965 3280 cum
998 3219 1019 3279 E
1047 3220 1089 3280 sit
1118 3236 1260 3280 mersum
1291 3221 1322 3282 in
1353 3239 1469 3299 aquam

328 3321 474 3398 dulcem;
506 3321 564 3382 sed
594 3320 676 3381 scire
706 3320 838 3382 omnino
867 3320 970 3380 debes
1005 3326 1164 3398 quantum
1202 3322 1298 3400 spatii
1334 3328 1472 3401 occupet

328 3423 388 3483 hoc
412 3421 530 3482 vitrum
548 3422 580 3481 in
603 3438 700 3498 aqua,
726 3425 759 3481 et
774 3427 932 3498 quantum
960 3421 1111 3500 ponderis
1133 3421 1257 3483 babeat
1279 3439 1363 3500 aqua
1386 3423 1471 3484 illius

328 3523 435 3602 spatii.
480 3522 540 3598 sit,
565 3522 705 3600 exempli
735 3522 849 3600 gratia,
874 3521 1001 3600 pondus
1031 3538 1126 3600 aquae
1150 3538 1288 3600 aequans
1316 3525 1470 3585 volumen

328 3625 426 3702 hujus
453 3622 527 3684 vitri
553 3624 680 3700 aequale
704 3637 766 3699 400
789 3623 948 3698 assibus¹,
974 3627 1053 3683 tunc
1076 3623 1177 3684 debes
1206 3624 1266 3684 boc
1297 3624 1328 3683 in
1352 3630 1470 3686 -mente

327 3730 460 3801 tenere3
497 3724 591 3785 detur
627 3725 693 3802 Jam
731 3723 874 3784 lixivium
912 3723 1065 3799 salinum,
1104 3728 1137 3784 et
1171 3724 1318 3784 mittatur
1348 3725 1407 3785 boc
1439 3726 1470 3786 in

328 3827 447 3887 vitrum
476 3825 525 3902 D;
551 3825 652 3885 etsie
679 3825 809 3902 globum
837 3824 978 3884 vitreum
1001 3823 1041 3884 ad
1065 3824 1232 3884 brachium
1257 3825 1393 3886 bilancis
1416 3845 1470 3906 ap·

328 3943 467 4006 pensum
491 3929 656 4003 mergatur
680 3921 716 3984 in'
741 3940 859 4001 aquam
891 3923 1003 3986 lixivii.
1049 3924 1227 4002 Apparebit
1250 3925 1361 3986 statim
1385 3928 1470 4004 quod

328 4027 492 4105 submergi
523 4030 679 4104 nequeat,
710 4025 862 4102 quoniam
895 4025 1107 4104 ponderosius
1137 4029 1188 4085 est
1217 4026 1361 4087 lixivium
1387 4045 1470 4106 aqua

328 4129 431 4206 dulci;
459 4128 533 4188 hinc
561 4143 706 4206 opponas
729 4126 852 4203 aliquot
875 4143 969 4186 asses
992 4125 1124 4204 insuper
1151 4125 1181 4185 in
1208 4125 1244 4202 Β,
1270 4129 1471 4204 usquedum

326 4232 567 4307 submergatur,
585 4235 618 4288 et
634 4227 815 4304 aequilibret
831 4227 996 4287 brachium
1016 4226 1040 4287 B
1066 4244 1137 4287 cum
1163 4227 1294 4288 brachio
1319 4231 1353 4290 Α.
1378 4228 1470 4289 Tunc

328 4332 441 4392 videas
457 4338 535 4408 quot
558 4345 651 4390 asses
674 4328 835 4389 addideris
858 4329 889 4388 in
908 4327 932 4388 B
955 4328 1029 4388 dum
1054 4328 1093 4388 ad
1117 4329 1330 4405 aequilibrium
1356 4347 1470 4408 perve·
1508 4317 1518 4334 ⁹

328 4435 423 4508 nerit,
441 4449 522 4511 quos
545 4431 646 4492 addas
669 4430 709 4490 ad
733 4429 861 4509 pondus
884 4429 1058 4490 voluminis
1081 4446 1176 4507 aquae
1200 4429 1303 4489 dulcis
1328 4431 1468 4509 spatium

328 4535 402 4596 vitri
424 4535 446 4595 E
470 4532 651 4614 aequanlis;
687 4537 723 4594 ut
741 4532 768 4594 si
789 4530 950 4594 addideris
973 4543 1010 4612 45
1033 4548 1128 4593 asses
1151 4531 1191 4592 ad
1207 4530 1242 4608 B,
1260 4537 1338 4593 tunc
1367 4532 1469 4614 adjice
