3524 5314
578 726 794 792 PROBATIO
815 728 959 808 AQUAE
977 729 1151 794 SALINAE
1423 745 1438 809 3

292 909 405 970 formae
429 910 583 972 distincta
607 916 641 972 et
665 912 805 973 invicem
819 913 935 976 divisa.
981 912 1091 976 Salina
1109 915 1163 976 illa
1185 915 1439 994 chrystallisatio

297 1011 337 1070 acl
348 1012 569 1072 summitatem
587 1010 661 1073 vitri
678 1013 795 1088 evasit,
814 1018 848 1074 et
865 1015 1218 1094 nonmodomarginem
1236 1015 1309 1076 vitri
1323 1016 1439 1076 densa·

292 1110 350 1186 vit,
369 1112 540 1173 sedetiam
558 1113 644 1173 latus
666 1113 740 1174 vitri
764 1118 936 1175 externum
961 1131 1065 1191 usque
1088 1117 1128 1177 ad
1152 1133 1249 1177 unam
1274 1117 1346 1196 ejus
1368 1134 1439 1196 par·

291 1217 357 1273 tem
368 1213 526 1292 pervasit,
544 1217 578 1274 et
590 1218 699 1275 crusta
715 1215 819 1276 salina
830 1219 897 1276 tam
914 1215 1066 1277 interiora
1077 1218 1149 1294 ejus
1163 1233 1260 1296 quam
1277 1217 1439 1278 exteriora

291 1313 445 1390 obduxit;
462 1319 571 1375 crusta
588 1314 641 1374 illa
657 1314 794 1376 crassior
811 1320 844 1376 et
860 1317 997 1376 crassior
1013 1315 1102 1378 iacta
1117 1317 1196 1380 init:
1220 1335 1318 1379 omne
1341 1319 1388 1378 sal
1405 1318 1437 1378 in

291 1430 375 1490 aqua
391 1415 534 1476 solutum
558 1415 677 1476 circum
702 1417 804 1476 latera
828 1416 936 1492 haesit,
961 1417 1078 1496 exigua
1102 1435 1181 1479 vero
1203 1435 1278 1496 pars
1300 1417 1436 1480 fundum

290 1515 401 1593 petiIt,¹
413 1515 467 1575 ubi
479 1514 665 1577 distinctum
681 1516 901 1594 jacuitgranis
916 1517 1266 1596 amplioribuscubicis.
1314 1518 1436 1581 Vitrum

291 1620 362 1682 erat
377 1616 538 1676 vinarium
555 1620 589 1677 et
608 1633 712 1694 aquae
728 1615 769 1696 ,ks
792 1633 867 1695 pars
893 1617 989 1678 unius
1005 1619 1166 1695 canthari,
1189 1620 1241 1680 vel
1269 1620 1396 1699 pondus
1418 1621 1437 1683 8

292 1717 480 1791 lothonum;
505 1716 602 1777 soluti
618 1721 696 1777 sunt
718 1716 795 1777 inibi
823 1719 860 1798 13
883 1719 1034 1779 lotbones
1050 1719 1101 1779 die
1117 1720 1156 1782 28
1173 1719 1265 1798 Mai:
1283 1725 1316 1780 et
1331 1721 1437 1782 omnis

291 1833 374 1893 aqua
391 1816 431 1876 ad
455 1817 575 1876 siccum
593 1821 770 1896 evaporata
787 1815 847 1879 tuit
859 1818 909 1879 die
929 1817 966 1879 16
982 1818 1058 1880 Juni
1079 1821 1268 1897 sequentis;
1286 1821 1437 1899 ponderis

291 1921 503 1994 augmentum
526 1917 649 1978 iactum
679 1916 740 1978 fuit
767 1917 807 1978 ad
828 1919 850 1998 ᾗ
870 1923 996 1997 partem
1027 1919 1122 1980 unius
1146 1921 1298 1992 lothoniS,
1320 1923 1373 1982 vel
1395 1922 1435 1983 ad

288 2017 329 2098 ἦ
344 2022 469 2095 partem
494 2017 647 2096 ponderis
664 2017 758 2078 salini
774 2018 883 2080 soluti.

330 2134 360 2194 4.
408 2118 565 2180 Probatur
589 2118 686 2179 etiarn
710 2135 806 2195 quarn
831 2119 951 2196 optime
974 2137 1058 2197 aqua
1075 2122 1178 2182 salina
1203 2139 1257 2200 per
1280 2122 1618 2214 evapora-gggggltffffl·

288 2219 407 2279 tionem
425 2219 456 2278 in
468 2235 568 2278 arena
584 2220 636 2280 vel
653 2219 844 2297 perlentum
859 2219 1011 2282 calorem.
1059 2221 1194 2282 Paratur
1207 2241 1226 2283 a
1241 2223 1434 2299 quibusdam
1445 2233 1518 2264 arena

289 2319 397 2398 phiala
414 2321 465 2379 vel
482 2319 602 2380 vitrum
620 2319 728 2397 exigui
744 2319 828 2395 colli,
853 2324 886 2379 et
909 2321 953 2380 ita
977 2321 1155 2383 instituitur
1177 2324 1276 2399 calor,
1295 2328 1330 2384 ut
1346 2325 1435 2384 lente

289 2421 433 2500 expellat
458 2421 649 2496 humorem;
673 2420 746 2479 inde
769 2418 817 2494 iit,
842 2421 927 2497 quod
954 2438 1062 2498 omne,
1090 2423 1175 2500 quod
1202 2423 1434 2497 salinumest,

290 2525 469 2582 remaneat.
514 2519 636 2581 Putant
658 2520 755 2597 aliqui
778 2521 932 2598 majorem
951 2522 1028 2582 salis
1050 2523 1173 2601 copiam
1191 2525 1243 2584 vel
1259 2525 1434 2602 genuinam

288 2622 507 2698 quantitatem
520 2621 745 2699 ejusobtinere
757 2621 895 2698 pertalis
907 2623 1037 2698 generis
1047 2625 1327 2701 evaporationem,
1341 2630 1435 2688 autu·
1459 2681 1460 2686 ,

289 2727 418 2782 mantes
434 2721 519 2799 quod
537 2722 624 2781 nulla
649 2721 727 2781 salis
745 2738 820 2799 pars
842 2716 1000 2800 ejiciatur,
1025 2727 1060 2783 ut
1084 2741 1141 2803 per
1163 2725 1343 2786 coctionem
1369 2727 1435 2787 vio·

289 2823 411 2882 lentam
425 2844 432 2897 ;
449 2822 624 2899 sectusque
641 2826 752 2882 tamen
770 2821 825 2881 vix
840 2822 941 2900 major
953 2840 1029 2901 pars
1041 2823 1115 2884 inde
1131 2824 1310 2901 obtinetur,
1324 2843 1360 2886 ac
1378 2844 1434 2906 per

288 2923 467 2984 coctionem
485 2923 665 2999 vulgarem.
714 2919 766 2982 Sal
784 2921 814 2981 in
839 2921 939 2983 tundo
957 2923 1103 2983 relictum
1128 2925 1346 2987 minutissime
1362 2945 1434 3006 gra-

290 3025 436 3084 natatum
464 3026 526 3098 est,
552 3028 585 3084 et
608 3022 750 3102 speciem
774 3021 837 3082 tert
859 3039 969 3083 arenae
992 3024 1182 3102 cujusdam3
1205 3027 1287 3088 adeo
1311 3033 1346 3089 ut
1370 3045 1434 3090 non

287 3123 497 3184 exactissima
513 3124 681 3199 quantitas
696 3126 730 3183 et
744 3123 885 3199 qualitas
901 3123 976 3183 inde
992 3123 1129 3185 obtineri
1145 3126 1307 3191 videatur.

332 3237 360 3302 5.
408 3224 567 3286 Probatur
583 3223 681 3284 etiam
698 3239 782 3299 aqua
799 3223 904 3283 salina
919 3240 976 3302 per
993 3224 1173 3286 coctionem
1199 3227 1251 3288 vel
1276 3242 1612 3309 evaporal'erevanorn-

288 3326 407 3386 tionem
426 3324 591 3386 fortiorem
601 3328 634 3384 et
644 3321 830 3402 apertamin
848 3340 928 3384 vase
942 3325 993 3384 vel
1007 3323 1140 3404 figulino
1153 3328 1205 3387 vel
1217 3328 1296 3404 alio;
1313 3293 1577 3392 caven-&effla

288 3425 364 3486 dum
378 3430 489 3486 tamen
502 3429 554 3485 est
567 3441 607 3485 ne
621 3425 651 3484 in
666 3440 746 3483 vase
759 3417 865 3484 terreo
879 3424 931 3482 vel
942 3440 1062 3503 cupreo
1072 3425 1078 3452 ¹
1089 3423 1158 3502 frat,
1169 3444 1242 3488 nam
1257 3431 1434 3492 corroditur

288 3524 408 3586 terrum
423 3531 457 3586 et
473 3542 607 3604 cuprum
625 3543 644 3584 a
660 3525 741 3600 sale,
759 3524 833 3584 binc
856 3529 992 3602 praestat
1015 3527 1239 3603 probationem
1264 3529 1434 3593 instituere

288 3628 318 3687 in
343 3644 424 3686 vase
447 3624 592 3704 figulino,
611 3626 662 3684 vel
686 3629 842 3702 argenteo
859 3625 910 3684 vei
934 3625 1008 3687 alio.
1055 3624 1152 3687 Circa
1167 3645 1264 3706 opera
1281 3631 1433 3692 salinaria

288 3726 624 3806 usurpanturquidem
637 3725 783 3785 abenea²
796 3740 915 3804 cuprea
926 3730 959 3785 et
975 3743 1055 3786 vasa
1067 3729 1433 3808 evaporatioriaierrea,

287 3828 344 3889 sed
356 3829 432 3905 quia
446 3844 509 3887 non
524 3825 616 3886 multi
632 3825 724 3904 pretii
737 3829 789 3885 est
805 3842 881 3885 num
895 3824 1000 3902 aliqua
1014 3842 1089 3905 pars
1103 3829 1432 3909 metallicorrodatur,

286 3929 437 4006 quoniam
455 3945 529 4006 pars
545 3927 598 3986 illa
615 3925 816 3986 distribuitur
832 3926 1093 4003 inquantitatem
1117 3928 1195 3988 salis
1216 3946 1290 4006 quae
1314 3931 1355 3992 ibi
1379 3935 1433 3994 ob·

285 4029 407 4090 tinetur
419 4049 426 4104 ;
440 4032 473 4088 at
489 4044 561 4088 cum
578 4026 780 4106 probandum
790 4026 995 4101 sitlixivium,
1006 4031 1084 4088 tunc
1097 4045 1206 4107 operae
1218 4032 1356 4109 pretium
1369 4038 1431 4110 est,

250 4167 257 4186 .
286 4135 352 4191 tam
371 4134 406 4190 ut
420 4131 508 4207 justa
524 4128 665 4205 qualitas
689 4127 887 4201 obtineatur,
910 4143 1007 4203 quam
1025 4132 1060 4188 ut
1076 4130 1262 4208 exploretur
1277 4135 1431 4211 qualitas,

288 4230 362 4290 hinc
379 4231 527 4289 exactius
542 4229 585 4288 ibi
601 4227 844 4289 observandum
862 4232 924 4302 est,
943 4231 979 4288 ut
995 4227 1071 4289 nihil
1095 4229 1149 4305 sit,
1173 4229 1258 4308 q'uod
1281 4233 1433 4297 immutet

287 4332 338 4391 vel
355 4330 573 4407 quantitatem
591 4329 643 4388 vel
660 4328 864 4405 qualitatem.

330 4430 479 4510 imponas
505 4447 582 4508 ergo
604 4429 700 4490 ollam
724 4429 811 4489 illam
835 4426 1000 4506 figulinam
1024 4428 1100 4506 igni,
1133 4435 1166 4491 et
1199 4431 1325 4494 fortiter
1351 4437 1432 4498 satis

286 4549 429 4610 evapora
442 4530 586 4592 lixivium
610 4534 716 4606 tuum,
742 4545 845 4608 usque
861 4529 937 4589 dum
961 4545 1076 4608 purum
1101 4531 1148 4591 sai
1165 4531 1312 4596 infundo
1329 4553 1432 4598 rema·
