3442 5302
429 811 738 878 EDULCORATIO
759 813 904 892 AQUAE
922 813 1104 877 SALINAE.
1324 815 1366 891 89

218 997 384 1074 salsugine
401 996 488 1058 iacta
505 1015 546 1057 ex
563 1014 648 1075 aqua
665 997 749 1059 dulci
766 1003 800 1058 et
816 1000 884 1059 sale
902 999 1040 1073 marino,
1067 1003 1101 1058 et
1127 998 1159 1058 in
1176 998 1298 1074 liquore
1315 998 1367 1058 illo

218 1098 409 1175 relinquitur
426 1099 530 1176 spatio
551 1113 585 1159 12
604 1099 655 1159 vel
677 1111 710 1176 15
729 1100 894 1160 horarum.
941 1098 1134 1160 Eximuntur
1155 1098 1229 1158 dein
1257 1103 1290 1158 et
1312 1115 1368 1176 op-

216 1198 295 1258 time
311 1198 490 1274 siccantur,
504 1198 595 1259 etsie
609 1199 715 1259 idonei
733 1199 913 1259 redduntur
929 1199 1091 1259 subeundi
1107 1199 1219 1275 cad0s;
1235 1199 1369 1260 siccatio

218 1299 443 1376 illapeculiari
471 1299 602 1360 nomine
627 1299 760 1376 gaudet,
789 1300 925 1374 scilicet,
952 1301 1120 1375 aarander,
1150 1299 1241 1359 etin
1269 1298 1368 1360 cados

220 1399 382 1474 mittendi,
399 1415 522 1479 capum
547 1401 644 1476 inque
660 1399 749 1460 cadis
766 1399 892 1460 stratim
907 1399 978 1459 illos
991 1401 1112 1474 locant,
1127 1400 1210 1476 quod
1225 1398 1300 1460 liter
1313 1416 1370 1460 vo-

218 1503 322 1574 catur,
341 1499 438 1576 inque
455 1498 555 1560 iundo
571 1499 653 1574 cadi,
674 1503 709 1559 ut
726 1504 758 1560 et
788 1517 898 1578 supra,
921 1500 1090 1576 quantitas
1116 1499 1193 1560 salis
1218 1496 1367 1573 mittitur,

161 1678 164 1682 Α
219 1599 300 1660 adeo
318 1605 353 1659 ut
369 1597 454 1659 inira
470 1605 503 1659 et
520 1616 618 1677 supra
634 1599 826 1659 cumulatim
842 1601 966 1678 iaceat;
990 1605 1023 1660 et
1044 1600 1089 1661 sic
1117 1600 1257 1660 invicem
1282 1617 1369 1660 com·

219 1700 413 1778 primuntur.
461 1698 671 1760 Clauduntur
688 1700 809 1779 optime
825 1701 907 1775 cadi,
925 1705 1108 1761 etcavetur
1131 1718 1171 1760 ne
1199 1701 1263 1760 ulla
1291 1701 1369 1760 rima

218 1800 293 1860 insit
309 1817 365 1878 per
381 1817 478 1878 quarn
496 1797 629 1860 eiiluere
646 1801 750 1878 possit
766 1801 867 1878 liquor
884 1802 1005 1876 salsuS,
1029 1817 1092 1878 quo
1106 1801 1131 1861 si
1148 1801 1369 1861 destituantur

219 1901 362 1976 haleces,
381 1906 632 1979 corrumpuntur
648 1901 772 1962 statim.

261 1999 402 2062 Haleces
417 1989 580 2061 interdum
598 2002 712 2060 eadem
732 2005 828 2062 nocte
844 2003 1009 2062 salsantur
1025 2018 1098 2062 curn
1116 2001 1195 2062 mari
1222 2002 1369 2061 eximun-

220 2106 282 2176 tur,
308 2101 362 2178 qui
386 2107 547 2162 vocantur
570 2101 703 2182 harengs
725 2104 758 2162 d'
775 2118 834 2164 une
857 2101 947 2179 nuit,·
970 2101 1024 2179 qui
1048 2119 1126 2162 vero
1150 2102 1201 2162 die
1217 2102 1369 2179 sequenti

220 2201 307 2261 cadis
324 2201 480 2262 induntur
508 2206 669 2262 vocantur
685 2201 818 2282 harengs
835 2205 873 2263 da
887 2205 971 2264 deux
993 2201 1099 2279 nuits,·
1123 2202 1255 2264 minoris
1277 2203 1369 2281 pretii

219 2302 400 2362 aestimatur
416 2299 475 2362 hoc
492 2302 655 2380 posterius
677 2319 794 2380 genus,
811 2301 939 2363 facilius
962 2303 1047 2362 enim
1072 2303 1232 2382 corrumpi
1248 2307 1369 2381 potest.
1417 2377 1419 2382 Ι

710 2502 875 2565 XXXVlll.

234 2669 558 2733 EDULCORATIO
584 2670 720 2749 nQuAE
745 2670 924 2747 snLrNAE,
951 2670 1003 2732 ET
1029 2672 1353 2734 PRAEClPlTATlO

729 2770 858 2834 satis.

262 2905 378 2965 Videre
395 2905 470 2966 licet
486 2905 606 2983 passim
625 2906 674 2965 nic
689 2911 721 2966 et
738 2906 812 2966 inde
829 2906 859 2966 in
886 2907 1074 2967 auctoribus
1095 2908 1214 2968 ‘modos
1241 2908 1368 2968 edulco·

222 3006 312 3066 randi
328 3023 446 3084 aquam
464 3007 598 3081 salsam,
624 3011 659 3066 ut
686 3007 716 3066 in
744 3005 835 3068 Actis
864 3006 986 3086 Lipsiae,
1018 3025 1073 3068 an.
1109 3007 1198 3083 1682,
1231 3025 1262 3086 p.
1296 3009 1367 3084 386,

221 3111 253 3167 et
268 3107 357 3169 alibi.

264 3207 468 3268 Edulcoratio
484 3223 580 3284 aquae
596 3207 705 3286 peragi
732 3207 854 3286 optime
881 3212 991 3286 potest
1017 3225 1073 3286 per
1100 3209 1368 3286 destillationem,

221 3307 347 3368 sienim
365 3307 550 3367 destilletur
580 3325 665 3385 aqua
682 3307 804 3368 marina
822 3308 925 3368 dulcis
938 3326 956 3368 a
969 3309 1038 3368 sale
1050 3314 1231 3386 separatur.
1276 3309 1368 3387 Aqua

221 3409 325 3468 salina
343 3408 508 3486 repleatur
524 3413 645 3470 retorta
663 3409 714 3468 vel
732 3409 924 3484 alembicus,
943 3409 995 3468 vel
1023 3426 1088 3469 una
1114 3414 1235 3471 retorta
1252 3411 1369 3488 supine

222 3509 364 3569 relocata
381 3524 480 3585 supra
504 3509 610 3579 aliam,
630 3514 708 3569 tunc
736 3510 886 3569 elevatur
915 3526 1017 3588 vapor
1044 3527 1181 3588 aqueus,
1212 3511 1266 3588 qui
1296 3510 1371 3571 ierit

221 3611 323 3669 latera
353 3613 484 3669 retortae
512 3609 725 3687 resupinatae,
754 3615 787 3670 et
815 3609 888 3670 dein
917 3627 973 3689 per
1001 3612 1118 3670 collum
1141 3609 1254 3672 eitluit.
1302 3610 1369 3672 Hoc

222 3710 315 3770 modo
342 3724 360 3769 2
385 3710 476 3769 librae
502 3725 597 3786 aquae
621 3710 724 3771 dulcis
748 3710 887 3771 obtineri
911 3715 1051 3788 possunt
1068 3728 1108 3771 ex
1138 3712 1258 3788 3libris
1274 3728 1369 3789 aquae

221 3811 346 3871 salinae.
393 3808 424 3870 Si
442 3811 552 3888 plures
569 3816 700 3870 retortae
717 3811 747 3869 in
765 3811 879 3871 eodem
897 3811 1005 3871 aheno
1022 3802 1235 3890 reponantur,
1261 3814 1371 3890 plures

220 3912 318 3972 etiam
335 3911 575 3971 destillationes
592 3929 655 3971 una
673 3911 744 3971 vice
761 3911 869 3989 peragi
886 3916 1036 3989 possunt.
1082 3903 1084 3908 ’

267 4012 319 4089 [1]
369 4010 464 4070 Dirus
496 4010 687 4073 Walclrardt
717 4011 842 4089 Angliae
880 4028 937 4090 per
967 4013 1113 4072 antliam¹
1139 4014 1301 4090 quandam
1329 4031 1370 4074 ex

125 4125 128 4131 '
221 4130 305 4190 aqua
322 4113 409 4172 salsa
426 4113 568 4205 extranit
584 4128 701 4188 aquarn
720 4112 861 4186 dulcem,
879 4112 935 4172 sed
953 4114 1070 4190 exigua
1094 4114 1197 4191 copia,
1214 4115 1297 4190 quod
1316 4131 1370 4174 ex·

221 4213 438 4292 perimentum
456 4213 488 4272 in
512 4212 689 4290 praesentia
714 4200 825 4273 Caroli
850 4212 884 4288 ll,
910 4212 1006 4290 Regis
1029 4214 1166 4292 Angliae,
1190 4214 1371 4274 instituisse

222 4315 348 4375 dicitur.
393 4313 592 4375 Bresslausclr
608 4312 728 4376 Notur-
745 4316 811 4374 und
825 4312 965 4375 Modicia
983 4312 1172 4376 Gesclriclzte.

268 4415 340 4492 [rb]
389 4413 484 4474 Drius
515 4412 665 4489 Gautier,
696 4412 837 4488 ParisiiS,
863 4416 954 4492 plura
986 4415 1084 4492 hujus
1108 4413 1153 4475 rei
1189 4414 1372 4474 tentamina

222 4515 340 4577 iecisse
362 4515 489 4589 dicitur,
507 4519 546 4576 ¹et
562 4532 617 4594 per
634 4514 901 4574 destillationem²
923 4515 1076 4594 optimam
1094 4515 1178 4574 viam
1194 4515 1352 4592 judicavit
1363 4534 1370 4590 ;

223 4621 323 4696 utque
350 4621 499 4676 naturam
525 4613 729 4692 imitaretur',
758 4615 942 4676 machinam
974 4618 1078 4695 parat,
1107 4614 1234 4695 reponit
1263 4615 1368 4692 ignem
1413 4629 1416 4636 ·
