3524 5314
599 736 814 802 PROBATIO
835 738 980 816 AQUAE
998 737 1174 802 SALINAE
1437 751 1450 816 5

308 921 353 981 uti
377 921 478 997 velis3
495 921 572 996 sint,
592 923 733 1002 exempli
756 923 870 1000 gratia,
895 923 1105 984 instrumenti
1123 924 1385 985 constructiones
1402 942 1454 986 se-

306 1026 459 1098 quentes,
472 1022 555 1096 utri,
569 1021 604 1097 Β,
617 1021 646 1083 C
658 1024 709 1083 vel
723 1022 764 1084 D.
812 1021 1016 1084 Conficiatur
1030 1024 1359 1085 taleinstrumentum
1369 1027 1422 1086 vel
1435 1045 1453 1086 a
1565 1030 1568 1035 '

306 1120 424 1181 lamina
439 1120 545 1182 terrea
554 1127 672 1184 stanno
685 1123 838 1198 obducta,
849 1125 902 1183 vei
917 1125 958 1184 ab
973 1125 1207 1199 orichalco‚vel
1228 1143 1246 1184 a
1260 1125 1345 1202 ligno
1362 1126 1453 1201 duro,

307 1224 359 1282 vel
376 1240 395 1281 a
412 1223 556 1298 succino,
583 1225 634 1283 vel
659 1224 789 1298 avitro‚
815 1225 867 1284 vel
885 1225 925 1284 ab
950 1225 1012 1284 alia
1036 1225 1184 1285 materia.
1231 1223 1297 1285 Sia
1322 1228 1453 1286 metallo

305 1322 396 1400 gravi
410 1323 452 1382 sit
467 1321 666 1398 confectum,
686 1329 720 1384 ut
736 1325 769 1385 Α.
783 1323 818 1398 Β,
836 1329 913 1384 tunc
931 1325 1062 1385 omnino
1076 1341 1151 1384 esse
1165 1325 1403 1400 debetcavum,
1418 1330 1453 1386 ut

308 1423 332 1482 Α
344 1442 352 1498 ;
364 1423 490 1484 cavitas
498 1423 540 1484 sit
556 1424 712 1501 usquead
729 1423 774 1499 Ο,
788 1425 819 1484 in
832 1441 929 1501 quam
943 1425 1136 1486 immittatur
1149 1424 1277 1503 pondus
1289 1427 1451 1501 quoddam

308 1525 359 1583 vel
376 1528 467 1584 certa
482 1524 650 1600 quantitas
666 1526 870 1602 globulorum
888 1525 1126 1603 plumbeorum,
1151 1525 1236 1602 quod
1260 1527 1388 1604 pondus
1404 1529 1453 1604 ju-

306 1624 387 1700 giter
401 1623 474 1684 dein
489 1629 718 1702 conservetur3
735 1625 854 1703 pariter
866 1630 901 1686 ut
913 1626 945 1685 in
961 1625 997 1700 B,
1011 1625 1095 1686 circa
1113 1625 1144 1687 M
1158 1626 1199 1686 sit
1211 1627 1338 1705 pondus
1350 1629 1453 1706 plum-

308 1725 405 1785 beum
430 1727 482 1786 vel
505 1724 603 1798 aliud,
623 1725 704 1786 adeo
729 1729 763 1785 ut
791 1725 961 1786 subsidere
984 1730 1084 1802 queat
1107 1727 1138 1786 in
1161 1743 1244 1803 aqua
1262 1729 1313 1787 vel
1332 1728 1453 1788 leviore

308 1826 360 1884 vel
389 1823 631 1902 punderosiore3
654 1830 688 1886 at
712 1842 789 1886 vero
807 1824 837 1886 C
853 1827 879 1886 si
896 1827 937 1886 sit
960 1843 1000 1885 ex
1024 1827 1168 1899 succino,
1193 1829 1245 1887 vel
1264 1827 1293 1887 D
1311 1845 1351 1888 ex
1368 1827 1453 1905 ligno
1559 1873 1560 1876 η

309 1925 400 1999 duro,
422 1943 484 1986 non
507 1943 589 2004 opus
610 1932 662 1986 est
683 1930 719 1986 ut
745 1931 899 1986 cavatum
928 1927 979 2001 sit,
1000 1927 1058 1987 sed
1075 1927 1189 1987 durum
1215 1932 1248 1988 et
1264 1928 1451 2006 contiguum

307 2042 381 2086 esse
406 2025 516 2100 debet,
536 2042 609 2086 nam
627 2025 666 2086 ad
684 2031 806 2086 certam
830 2026 994 2103 quandam
1019 2027 1273 2104 profunditatem
1298 2028 1455 2105 subsidit;

304 3562 432 3623 quoque
450 3545 571 3607 dulcior
588 3550 639 3607 est
655 3561 740 3622 aqua
765 3561 802 3604 eo
826 3543 1013 3623 profundior
1037 3548 1088 3604 est
1111 3532 1316 3605 subsidentia
1333 3551 1366 3606 et
1382 3546 1453 3606 vice
1539 3623 1540 3628 ἵ

307 3663 424 3708 versa:
441 3647 485 3708 ita
499 3647 565 3724 jam
583 3650 698 3724 parata
715 3645 781 3705 sint
796 3645 1028 3706 instrumenta.

349 3745 448 3824 Quod
465 3763 543 3807 vero
566 3745 743 3806 divisiones
766 3745 878 3806 talium
903 3745 1195 3805 instrumentorum
1220 3745 1350 3821 attinet,
1378 3763 1451 3806 narn

307 3847 403 3908 dividi
427 3848 551 3908 debent
573 3847 604 3907 in
621 3847 730 3907 varias
746 3851 858 3925 partes
874 3845 1054 3905 secundum
1072 3845 1308 3906 subsidentiam
1326 3846 1450 3907 iliorum

305 3947 336 4008 in
361 3948 480 4008 diversi
496 3947 626 4025 generis
642 3946 761 4022 fluidis,
778 3947 838 4007 troc
856 3946 1044 4006 mechanice
1061 3943 1130 4005 fieri
1146 3946 1263 4021 debet;
1279 3963 1342 4023 quo
1366 3948 1450 4008 enim

305 4048 420 4108 salsior
443 4052 495 4108 est
517 4065 613 4124 aqua,
638 4065 677 4108 eo
702 4048 809 4107 minus
833 4047 863 4106 in
887 4048 940 4107 illa
964 4046 1112 4107 subsidet
1135 4047 1401 4122 instrumentum,
1420 4055 1454 4109 et
1503 4129 1505 4138 ,
1627 4078 1628 4088 κ
1677 4039 1681 4047 ’

307 4149 378 4209 vice
392 4165 500 4208 versa.
547 4145 645 4224 Quod
656 4149 766 4224 itaque
779 4148 898 4208 attinet
911 4147 1039 4207 modum
1054 4146 1216 4207 dividendi
1227 4147 1453 4224 hujuscemodi

305 4250 536 4323 instrumenta,
554 4248 895 4309 inconsiderationem
914 4240 1027 4308 veniet
1043 4248 1193 4326 primum,
1218 4264 1259 4306 an
1277 4247 1358 4307 scire
1370 4249 1452 4309 velis

304 4349 520 4427 quantitatem
538 4365 632 4426 aquae
648 4354 681 4409 et
696 4349 914 4426 quantitatem
932 4348 1010 4408 salis
1026 4348 1057 4408 in
1075 4365 1159 4424 aqua
1176 4348 1334 4423 contenti,
1353 4350 1405 4408 vel
1423 4350 1451 4410 si

305 4451 386 4511 scire
404 4450 485 4511 velis
501 4454 631 4510 tantum
648 4450 866 4527 quantitatem
891 4450 968 4509 salis
992 4449 1022 4508 in
1046 4448 1189 4528 pondere
1212 4448 1352 4524 quodam
1377 4449 1452 4512 dato

303 4567 409 4632 aquae,
429 4552 480 4613 vel
497 4551 717 4632 quantitatem
735 4550 812 4612 salis
829 4551 860 4612 in
879 4567 1034 4613 mensura
1049 4548 1195 4630 qualibet
1212 4549 1300 4614 data.
1376 4571 1377 4576 ¹
