3442 5302
350 717 408 774 124
709 703 776 766 na
798 653 925 766 saia·
949 701 1189 767 connum

341 895 502 962 stagnum
517 886 551 950 in
568 885 676 949 salem
691 886 774 960 abit,
790 885 973 950 altitudine
986 906 1098 961 genua
1112 906 1181 949 non
1198 886 1378 960 excedens,
1393 886 1548 950 omnium

342 985 559 1050 salsissimus.

383 1086 423 1148 ln
440 1084 557 1150 Sicilia
573 1107 642 1149 non
659 1086 762 1150 modo
778 1085 893 1149 fontes
908 1083 988 1149 salsi
1004 1094 1083 1148 sunt
1101 1083 1209 1156 multi.
1226 1085 1287 1149 sed
1302 1085 1427 1160 integri
1441 1085 1547 1148 etiam

340 1184 435 1250 lacus
470 1185 550 1250 salsi
581 1195 614 1249 et
644 1185 722 1250 viva
751 1185 903 1249 flumina.
950 1185 1037 1249 Tale
1066 1195 1227 1261 stagnum
1260 1185 1471 1250 Cocanicum
1503 1187 1546 1250 ad

338 1283 537 1350 Africanam
560 1306 671 1360 oram;
695 1295 730 1350 et
751 1284 844 1349 aliud
865 1284 976 1348 simile
997 1286 1092 1363 juxta
1117 1284 1241 1349 Gelam
1264 1283 1415 1358 fluvium,
1436 1283 1546 1362 quiet

339 1384 449 1450 salsus
470 1385 598 1450 idcirco
620 1383 830 1463 appellatum
860 1394 894 1449 et
918 1383 997 1449 huic
1020 1407 1061 1448 ex
1077 1386 1222 1450 adverso
1245 1384 1342 1458 alter,
1363 1385 1422 1462 qui
1439 1385 1546 1448 mittit

341 1485 375 1548 in
399 1480 652 1562 Thyrrhenum¹
675 1494 709 1548 et
734 1487 908 1562 Hymerae
932 1483 1082 1548 fluminis
1104 1485 1196 1549 rivus
1212 1484 1331 1548 salsus.
1380 1485 1548 1549 Caeditur

343 1606 445 1662 porro
468 1585 502 1648 in
527 1584 697 1657 Calabria.
718 1607 736 1649 e
759 1585 930 1649 montium
954 1585 1230 1663 profundissimis
1245 1585 1412 1660 caverniS‚
1431 1585 1549 1662 chrys-

340 1685 414 1748 talli
431 1686 533 1749 modo
550 1685 713 1761 lucidum;
737 1685 842 1750 etiam
854 1685 888 1748 in
901 1685 1097 1760 Valacchia‚
1120 1681 1291 1762 [Russia],
1306 1684 1544 1762 Cappadocia,

339 1785 502 1849 Armenia
519 1785 576 1849 ubi
594 1786 703 1862 Halys
719 1785 841 1849 fluvius
858 1787 993 1850 Graeco
1004 1785 1174 1850 vocabulo
1191 1785 1310 1849 salsus.
1359 1786 1398 1849 In
1417 1777 1547 1848 Merbe²

341 1906 479 1962 quoque
496 1884 645 1948 maxima
661 1885 729 1948 Nili
752 1885 863 1949 insula
881 1885 1038 1950 fossicius
1054 1884 1115 1958 sal,
1135 1893 1169 1947 ct
1186 1885 1219 1948 in
1235 1884 1373 1949 Arabia.
1416 1884 1547 1947 Plinius

340 1993 510 2049 memorat
533 1986 575 2049 de
597 1985 669 2050 sale
686 1986 873 2062 Oromen0,
893 1986 951 2062 qui
968 2007 986 2048 e
1004 1995 1122 2050 monte
1138 1987 1211 2062 ejus
1227 1985 1376 2048 nominis
1392 1984 1549 2061 lapidici-

340 2106 461 2148 narum
486 2106 580 2148 more
603 2085 768 2149 caeditur.
817 2087 1000 2148 Praeterea
1023 2086 1117 2162 apud
1132 2085 1309 2149 civitatem
1326 2084 1452 2160 Tingui
1469 2084 1548 2147 sali·

341 2206 403 2248 nas
430 2206 514 2260 esse,
534 2185 569 2248 in
597 2184 783 2262 provincia,
809 2177 982 2250 Cardiam⁸
998 2185 1147 2258 nornine.
1168 2194 1202 2248 et
1229 2183 1312 2248 item
1336 2183 1371 2249 in
1394 2184 1549 2248 Tartaris

238 2369 245 2378 Ι
341 2305 382 2347 ex
399 2285 594 2362 putealibus
610 2285 708 2362 aquis
723 2285 846 2349 confici
862 2284 980 2349 salem.
1023 2283 1352 2349 Peroceidentalem
1365 2285 1546 2348 Oceanum

341 2384 499 2461 Aloysius
523 2387 753 2450 Cadamustus
776 2384 885 2448 salem
910 2395 1068 2462 petreum
1085 2393 1336 2448 commemorat
1351 2384 1387 2447 in
1404 2383 1549 2459 Nigritis

341 2485 469 2548 extima
492 2485 616 2548 Africae
643 2494 750 2561 parte.
770 2486 814 2549 ad
838 2485 951 2548 locum
976 2485 1031 2549 cui
1055 2505 1183 2548 nomen
1206 2479 1372 2560 Tagaza‚⁴
1387 2506 1490 2561 quem
1508 2487 1549 2548 30

340 2605 448 2662 usque
474 2585 606 2649 dierum
632 2583 754 2648 itinere
779 2584 978 2649 convehunt
1004 2585 1039 2648 in
1066 2593 1176 2648 terras
1201 2585 1484 2658 Mediterraneas‚
1512 2593 1545 2647 et

340 2685 488 2748 maxime
511 2687 555 2750 ad
579 2685 716 2749 Melitas
732 2694 864 2761 gentes.
914 2687 1060 2750 Constat
1077 2685 1160 2748 satis
1177 2707 1218 2748 ex
1234 2685 1396 2761 antiquis,
1416 2685 1451 2747 in
1468 2693 1544 2748 tota

339 2785 454 2848 Africa
470 2783 520 2848 sal
538 2785 665 2862 passim
677 2787 741 2849 sub
752 2785 867 2848 arenis
879 2784 1031 2862 reperiri,
1044 2785 1248 2862 praesertim
1263 2786 1359 2861 juxta
1373 2785 1546 2861 Cyrenem

341 2895 495 2948 montem
526 2885 559 2947 in
585 2885 706 2962 Lybia,
733 2887 823 2948 unde
848 2884 1029 2961 Cyrenaici
1054 2885 1135 2948 salis
1160 2885 1353 2957 celebritas„
1382 2885 1441 2961 qui
1474 2880 1540 2956 [et]

340 2983 601 3050 hammoniacus
616 2985 749 3062 dicitur,
769 2985 859 3049 eirca
881 2986 976 3063 Jovis
997 2985 1128 3049 scilicet
1154 2985 1360 3048 Hammonis
1377 2984 1545 3059 templum

340 3085 498 3160 selectus
517 3085 638 3148 similis
653 3086 768 3149 colore
785 3085 927 3148 alumini
943 3086 1004 3149 sed
1021 3085 1134 3161 gustui
1150 3085 1311 3148 insuavis

382 3187 423 3249 In
453 3187 483 3248 T
480 3179 716 3261 νιυιεγίυαηίιιὁ
731 3185 871 3261 vulgare
895 3186 966 3248 fere
983 3195 1045 3260 est,
1065 3187 1146 3248 dum
1162 3185 1212 3248 sal
1230 3185 1406 3257 exciditur,
1426 3183 1546 3248 relicta

340 3285 467 3362 elapsis
493 3285 591 3348 annis
617 3286 847 3349 instrumenta
873 3285 984 3348 ferrea
1011 3306 1051 3348 ac
1074 3284 1166 3359 ligna
1189 3285 1223 3347 in
1247 3285 1296 3347 eis
1311 3284 1542 3361 reperiuntur.

341 3386 595 3461 Quodamloco
621 3385 748 3461 gallina
764 3407 841 3449 curn
858 3385 941 3462 ipsis
957 3385 1030 3456 ovis
1047 3386 1214 3448 incubans
1230 3394 1369 3461 reperta
1385 3395 1448 3460 est,
1469 3406 1544 3461 quae

340 3507 381 3568 eo
395 3486 544 3549 obducta
557 3485 628 3548 sale
637 3496 777 3550 servata
790 3495 852 3558 est,
867 3507 906 3548 ac
919 3485 1118 3562 incorrupta
1132 3484 1321 3548 etiamnum
1333 3484 1540 3549 ostenditur.

339 3585 416 3664 Jam
445 3607 569 3661 magna
595 3607 636 3648 ex
661 3586 709 3648 eis
734 3585 861 3649 fodinis
885 3587 1074 3648 carbonum
1097 3585 1148 3647 vis
1165 3585 1236 3648 erui
1252 3584 1340 3648 solet
1357 3606 1435 3648 cum
1453 3583 1540 3658 sale,

340 3693 374 3748 et
390 3685 645 3748 vetustissimae
661 3685 793 3748 roboris
810 3686 934 3748 trabes.
984 3685 1042 3748 Sal
1064 3705 1241 3760 gemmeus
1258 3684 1316 3761 qui
1332 3683 1477 3748 lucidior
1492 3691 1544 3747 est

340 3784 433 3848 omni
458 3785 539 3858 sale,
565 3807 643 3849 cum
671 3785 704 3848 in
731 3785 838 3849 fundo
865 3786 1043 3860 reperitur,
1064 3784 1227 3848 indicium
1253 3784 1466 3848 fodientibus
1493 3793 1545 3847 est

344 3881 516 3958 [inferius]
538 3884 669 3949 nullum
693 3907 767 3949 esse
790 3885 908 3959 salem,
928 3895 988 3949 aut
1012 3885 1182 3962 impuram
1205 3895 1333 3949 terram
1349 3906 1412 3948 ceu
1429 3884 1544 3948 matri·

342 4006 417 4049 cern
435 3984 588 4062 reperiri.

383 4084 514 4150 Multae
544 4085 674 4149 salinae
699 4093 779 4149 sunt
805 4086 839 4149 in
870 4085 982 4158 Italia,
1016 4107 1078 4148 eae
1104 4095 1223 4148 tamen
1251 4084 1456 4161 perexiguae
1482 4105 1546 4147 nec

339 4187 427 4250 adeo
453 4185 587 4258 divites
608 4208 711 4262 quam
736 4197 859 4249 natura
883 4186 1022 4249 marinis
1043 4184 1173 4248 salibus
1195 4206 1321 4262 supero
1338 4185 1423 4248 mari
1439 4193 1546 4261 atque

339 4285 450 4349 infero
476 4287 560 4349 satis
586 4285 746 4363 explevit.
796 4285 899 4349 Tales
926 4294 1045 4348 extant
1068 4285 1102 4348 in
1126 4279 1383 4359 Volaterran0‚⁶
1398 4284 1454 4348 ubi
1478 4285 1547 4348 col·

338 4385 428 4449 lecta
443 4409 533 4462 aqua
551 4408 568 4448 e
586 4386 699 4463 puteis
714 4385 889 4449 altissimis
911 4378 976 4460 [et]
997 4385 1032 4448 in
1045 4384 1186 4448 cortinis
1200 4385 1369 4462 plumbeis
1382 4386 1541 4460 decocta,
