3442 5302
270 730 331 789 150
629 718 696 780 DE
719 717 845 782 SALE
870 715 1111 782 COMMUNI

264 909 332 976 est;
357 899 514 964 mittatur
530 899 563 962 in
579 897 753 964 furnulum
770 907 806 963 ut
822 899 1020 975 calcinetur,
1040 910 1075 964 et
1091 900 1207 965 album
1224 901 1363 977 evadat;
1386 900 1465 965 dein

265 1006 400 1064 teratur
422 1008 456 1063 et
479 999 656 1077 pulverem
679 999 865 1064 candidum
887 999 956 1064 dat.
1019 1001 1059 1063 In
1086 999 1154 1065 olla
1180 999 1310 1087 habeas
1337 1001 1470 1064 frittam

264 1099 445 1176 chrystalli
460 1121 571 1177 aquae
589 1099 741 1163 marinae
757 1099 873 1164 colore
895 1099 1051 1176 tinctam,
1071 1110 1106 1164 et
1121 1100 1217 1164 color
1233 1100 1289 1164 ille
1304 1109 1471 1164 venustus

265 1209 302 1264 et
317 1200 401 1264 satis
417 1199 540 1278 plenus
555 1199 609 1273 sit,
630 1200 741 1263 omnis
757 1199 849 1263 enim
873 1199 1018 1277 parandi
1033 1200 1158 1264 coloris
1180 1201 1301 1277 cyanei
1318 1200 1408 1265 ratio
1424 1201 1468 1264 ab

265 1321 379 1378 aquae
396 1300 537 1364 marinae
553 1299 722 1377 qualitate
738 1301 922 1377 dependet.
967 1300 1057 1365 Huic
1072 1300 1162 1365 vitro
1178 1300 1226 1364 ita
1243 1301 1354 1365 tincto
1369 1302 1471 1366 detur

186 1395 189 1400 ’
264 1399 318 1464 sal
344 1399 514 1464 marinum
538 1399 784 1478 supradictum,
812 1401 950 1474 sensim,
979 1410 1013 1464 et
1039 1402 1128 1464 bene
1155 1401 1342 1476 miscendo,
1371 1409 1408 1465 ut
1435 1400 1470 1464 in

265 1499 379 1565 scoria
403 1501 452 1575 fit,
472 1509 506 1564 et
531 1522 622 1577 aqua
645 1499 778 1564 marina
803 1522 844 1563 ex
860 1499 1031 1578 pellucida
1047 1510 1082 1565 et
1098 1508 1342 1578 transparente
1359 1521 1470 1579 opaca

266 1602 341 1678 fiet;
364 1600 414 1664 sal
430 1597 554 1674 [enim]
567 1602 648 1665 dum
662 1601 695 1664 in
707 1601 833 1664 vitrum
847 1600 929 1674 abit,
946 1600 1220 1686 pelluciditatem
1237 1601 1330 1664 illam
1343 1601 1466 1676 aufert,

266 1709 302 1764 et
326 1701 493 1778 pallorem
518 1702 691 1778 quendam
715 1701 855 1776 inducit,
883 1722 951 1778 quo
974 1701 1101 1764 sensim
1124 1700 1221 1765 color
1242 1722 1393 1778 cyaneus
1414 1701 1470 1765 vel

265 1798 430 1876 turcinus,
450 1799 484 1863 in
500 1809 574 1864 arte
590 1799 730 1864 vitraria
754 1800 969 1877 praecipuus
990 1802 1037 1864 fit.
1086 1803 1270 1866 Caeterum
1294 1789 1351 1865 ubi
1375 1801 1470 1865 color

266 1909 350 1963 voto
374 1902 572 1977 respondet,
592 1901 709 1965 statim
732 1900 980 1965 elaborandum
997 1909 1049 1965 est
1065 1901 1206 1978 vitrum;
1236 1900 1286 1965 sal
1303 1901 1395 1965 enim
1411 1903 1471 1966 ab·

265 1999 412 2064 sumitur
427 2007 462 2063 et
485 2001 519 2064 in
535 2021 683 2079 vapores
698 2001 781 2074 abit,
800 2000 998 2078 vitrumque
1024 2011 1298 2093 transparenslet
1314 2002 1469 2066 deforme

267 2093 331 2163 fit.¹
385 2101 488 2176 Quod
514 2100 542 2165 si
568 2102 649 2165 dum
680 2100 879 2166 elaboratur
907 2101 1002 2166 color
1032 2111 1227 2177 evanescat,
1257 2103 1405 2166 addatur
1431 2110 1469 2166 ut

266 2221 370 2277 supra
383 2200 540 2264 nonnihil
555 2200 636 2264 salis
648 2201 819 2277 calcinati,
847 2210 881 2266 et
890 2201 989 2266 color
1003 2202 1138 2266 redibit.
1181 2204 1287 2267 Notet
1299 2196 1470 2267 vitrarius²

267 2299 333 2364 hoc
360 2300 421 2376 sal,
447 2301 512 2364 nisi
538 2303 627 2365 bene
650 2301 860 2366 calcinatum
884 2302 938 2377 sit,
964 2323 1103 2380 semper
1124 2323 1281 2380 crepare;
1304 2311 1386 2366 tunc
1409 2323 1470 2380 per

265 2394 461 2466 intervalla⁸
475 2402 632 2477 addatur,
652 2403 732 2466 dum
749 2401 844 2466 color
859 2412 943 2466 voto
958 2404 1157 2480 respondet.
1207 2403 1298 2466 Neri.

824 2656 917 2726 LIX.

266 2842 334 2904 EX
365 2841 450 2904 DNI
485 2840 807 2905 BRUCHMANNI
838 2841 1150 2905 MAGNALIBUS
1182 2840 1266 2903 DEI
1288 2841 1337 2903 IN
1362 2841 1470 2906 SUB-

717 2939 1003 3004 TERRANEIS.

309 3108 348 3172 In
381 3109 563 3175 Catalonia
592 3107 762 3185 reperitur
791 3107 841 3170 sal
868 3129 1035 3183 gemmae,
1066 3108 1269 3185 praesertim
1295 3109 1340 3172 ad
1366 3109 1467 3172 urbes

262 3209 426 3272 Cordana
463 3217 498 3273 et
529 3208 672 3278 Gitona:
700 3208 745 3271 ibi
776 3207 945 3284 frangitur
973 3208 1209 3284 copiosissime
1239 3207 1300 3271 sal.
1348 3210 1468 3271 Insula

261 3311 380 3372 salina
403 3307 506 3386 plena
529 3318 581 3372 est
604 3307 675 3372 sale
699 3318 733 3372 et
750 3307 910 3372 alumine.
960 3309 998 3371 ln
1016 3302 1185 3371 Bovario*
1200 3307 1233 3370 in
1252 3307 1466 3372 Berchtolls-

263 3410 389 3472 staden
402 3418 481 3473 sunt
493 3408 632 3473 fodinae
646 3409 800 3485 optimae
813 3406 953 3472 salinae.
996 3410 1035 3471 In
1048 3410 1191 3471 Polonz'a
1204 3409 1247 3472 ad
1261 3407 1467 3485 Bockniam;

263 3510 309 3573 ad
335 3509 488 3585 Colomey
509 3509 599 3573 circa
615 3509 743 3572 flumen
760 3509 877 3572 Pruth.
926 3508 966 3571 In
984 3510 1142 3584 ungaria
1158 3509 1202 3571 ad
1218 3507 1392 3582 Schower,
1412 3507 1467 3571 vel

265 3609 459 3685 Saltzburg,
480 3601 514 3681 Ἀ
542 3608 696 3672 milliaris
720 3610 764 3671 ab
789 3608 935 3684 Eperies
959 3617 1039 3671 sunt
1063 3607 1196 3684 optima
1221 3629 1327 3685 opera
1343 3608 1463 3683 salina,

263 3731 306 3772 ex
331 3709 455 3786 quibus
479 3708 626 3773 habetur
651 3708 822 3785 optimum
846 3708 897 3772 sal
921 3730 1079 3784 gemmae
1095 3707 1220 3772 coloris
1236 3708 1304 3771 albi
1321 3707 1467 3772 violacei

263 3816 299 3872 et
326 3809 415 3884 flavi,
436 3817 470 3872 et
497 3808 599 3872 flores
625 3808 705 3872 salis
730 3808 851 3884 nativi;
886 3809 1073 3885 quotannis
1100 3808 1176 3886 plus
1203 3830 1306 3885 quam
1332 3812 1468 3884 100‚000

263 3917 393 3973 tonnae
410 3909 620 3973 obtinentur.
662 3910 702 3971 In
718 3909 886 3972 comitatu
900 3910 1093 3971 Marmarae
1106 3917 1185 3972 sunt
1198 3909 1302 3972 etiam
1314 3909 1468 3984 optimae

263 4010 404 4074 fodinae
428 4008 519 4073 salis,
568 4010 607 4072 In
632 4000 769 4085 Petingr
793 4030 895 4072 omne
922 4008 1033 4072 solum
1054 4017 1191 4071 constat
1208 4009 1279 4073 sale
1296 4030 1463 4084 gemmae,

263 4111 354 4174 unde
384 4119 502 4174 tantus
531 4130 640 4186 vapor
665 4109 849 4184 suboritur,
877 4109 1103 4185 quamobrem
1130 4129 1275 4185 corpora
1303 4119 1336 4172 et
1361 4109 1467 4172 facies

265 4217 439 4292 teguntur.

307 4311 346 4373 In
369 4312 469 4373 Nova
491 4311 669 4387 Hispania
691 4311 817 4375 dantur
833 4309 948 4374 omnia
964 4309 1101 4374 circiter
1122 4309 1203 4372 salis
1226 4331 1363 4385 genera,
1386 4331 1466 4373 nam

144 4413 146 4418 ’
263 4431 328 4474 nec
352 4410 531 4486 marinum,
551 4410 719 4475 thaxalli
737 4418 984 4487 nuncupatum,
1005 4431 1082 4474 cum
1098 4430 1161 4473 suo
1177 4410 1261 4473 flore
1278 4417 1311 4473 et
1328 4431 1462 4487 spuma,
