3524 5314
447 731 727 798 EVAPORATIO
750 732 871 796 SALIS
890 733 938 796 IN
958 732 1087 797 NOVA
1110 733 1318 797 HlSPANIA
1420 750 1452 812 31

307 918 389 978 dans
405 918 453 979 les
470 917 588 978 marais
605 935 683 996 pour
700 919 749 978 les
765 935 962 994 conserver3
979 918 1109 979 ensuite
1125 936 1166 979 on
1183 936 1205 996 y
1222 919 1319 979 laisse
1343 936 1455 997 passer
1552 943 1558 955 ·

307 1022 424 1080 autant
439 1017 535 1078 d'eau
552 1017 641 1078 salee
657 1019 756 1095 qu'on
774 1023 871 1096 veut;
888 1036 928 1080 on
946 1020 976 1079 la
992 1019 1124 1080 conduit
1136 1036 1192 1098 par
1205 1018 1314 1079 divers
1326 1036 1455 1080 canaux

307 1121 347 1179 od
363 1117 426 1178 elle
443 1135 478 1178 se
495 1117 608 1197 purlfre
624 1122 658 1179 et
674 1116 856 1179 s'ecbauile
867 1140 875 1196 ;
890 1136 931 1178 on
949 1117 1130 1180 l’introduit
1151 1119 1279 1180 ensuite
1303 1120 1385 1180 dans
1408 1120 1456 1180 les
1546 1153 1549 1157 ·

307 1219 391 1279 aires
407 1219 461 1296 qui
477 1223 553 1280 sont
568 1219 626 1279 des
643 1218 729 1279 lieux
746 1221 843 1297 plats,
858 1219 939 1298 polis
956 1222 989 1279 et
1005 1236 1140 1298 propres
1154 1220 1173 1280 d
1189 1219 1269 1280 taire
1285 1219 1410 1280 cremer
1427 1221 1455 1280 le

308 1320 354 1379 sel
369 1338 376 1396 ;
394 1319 424 1378 la
440 1320 574 1379 cbaleur
591 1319 633 1379 du
651 1320 741 1380 soleil
759 1319 901 1398 evapore
919 1336 983 1379 une
999 1320 1102 1398 partie
1119 1321 1158 1380 de
1183 1321 1280 1395 l'eau,
1307 1338 1350 1380 un
1374 1321 1457 1399 petit

303 1414 388 1479 'vent
403 1419 458 1496 qui
473 1420 564 1480 vient
580 1421 675 1499 apres
692 1421 721 1480 la
737 1420 860 1498 grande
876 1421 1009 1480 chaleur
1025 1438 1090 1479 aux
1103 1421 1259 1481 environs
1271 1420 1311 1480 de
1328 1422 1357 1481 la
1375 1438 1454 1498 mer,

306 1520 472 1580 condense
489 1524 522 1580 et
537 1521 747 1598 chrystalllse
763 1537 820 1600 par
836 1538 872 1581 sa
884 1519 1046 1581 lraicbeur
1062 1522 1091 1581 le
1108 1521 1154 1580 sel
1171 1521 1225 1598 qui
1240 1519 1359 1582 llottait
1375 1522 1456 1582 dans

307 1617 408 1696 l'eau3
422 1620 441 1680 il
457 1621 514 1699 n'y
527 1640 545 1680 a
558 1638 621 1699 que
636 1622 665 1681 la
679 1623 779 1700 pluye
796 1621 849 1698 qui
862 1620 972 1699 puisse
985 1622 1071 1682 alors
1084 1622 1113 1681 le
1127 1621 1291 1697 brouiller,
1306 1637 1324 1682 2
1337 1623 1456 1682 heures

218 1799 223 1806 „
306 1721 493 1781 seulement
509 1721 548 1781 de
565 1723 665 1800 pluye
683 1721 855 1782 reculerait
871 1723 1038 1800 l'ouvrage
1051 1722 1091 1782 de
1108 1734 1141 1799 15
1154 1723 1244 1800 jours
1255 1742 1262 1798 ;
1279 1723 1297 1782 il
1315 1721 1456 1782 faudrait

308 1825 461 1900 nettoyer
480 1823 527 1882 les
545 1822 675 1898 marais,
694 1839 735 1882 en
758 1823 830 1883 bter
853 1823 938 1882 l'eau
962 1827 1033 1900 ety
1056 1839 1098 1882 en
1115 1822 1291 1883 introduire
1314 1821 1354 1882 de
1379 1839 1457 1883 nou·

266 2003 268 2012 x
306 1921 406 1999 velle;
423 1923 472 1983 s'il
489 1923 637 2001 pleuvait
653 1939 717 1983 une
734 1920 796 1984 lois
812 1922 894 1983 dans
913 1935 946 2001 ις
964 1923 1066 2001 jours,
1089 1923 1207 2001 jamais
1230 1940 1271 1983 on
1297 1939 1337 1982 ne
1360 1922 1456 1984 terait

307 2022 346 2083 de
362 2024 422 2085 sel.
493 2075 503 2097 ,

853 2324 918 2386 xil.

439 2473 723 2580 eunroaauo
749 2506 886 2585 AQUAE
911 2508 1088 2571 unarum
1113 2508 1152 2570 uu
1178 2506 1318 2570 sareu

666 2625 705 2688 IN
732 2625 853 2688 Novn
880 2624 1090 2688 HISPANIA.

348 2807 431 2870 Sunt
448 2811 545 2870 etiam
563 2810 593 2870 in
612 2810 704 2872 Nova
722 2809 877 2889 Hispania
901 2811 1015 2870 salinae
1038 2827 1137 2889 prope
1155 2809 1264 2870 Havre
1281 2812 1320 2871 de
1344 2809 1454 2871 Saline

307 2914 340 2969 et
362 2911 530 2988 pertinent
552 2911 592 2970 ad
615 2911 705 2970 cives
729 2911 817 2971 urbis
839 2913 876 2972 de
894 2908 1098 2990 Campecbe,
1120 2927 1194 2987 quae
1211 2911 1331 2972 situata
1355 2911 1453 2972 estin

305 3010 471 3088 provincia
492 3001 632 3088 quadam
657 3011 759 3073 Novae
777 3009 942 3090 Hispaniae
958 3011 1106 3072 Yucatan
1134 3010 1231 3086 dicta,
1258 3029 1321 3072 non
1345 3013 1453 3090 procul

306 3114 358 3170 est
373 3128 392 3170 a
409 3111 498 3186 mari,
518 3127 577 3171 nec
594 3130 611 3171 a
629 3117 721 3190 porta
737 3111 791 3188 qui
808 3116 943 3172 vocatur
961 3111 1070 3171 Havre
1092 3111 1131 3171 de
1148 3108 1257 3170 Saline
1279 3112 1333 3188 qui
1355 3112 1455 3172 distat

306 3226 346 3273 20
362 3211 550 3271 milliaribus
566 3230 584 3271 a
602 3209 805 3291 Campecne.
1360 3225 1363 3232 ’

349 3329 441 3406 Aqua
457 3329 488 3388 in
505 3329 618 3390 salinis
634 3330 685 3390 bis
699 3329 963 3407 cbrystallisatur
987 3346 1042 3409 per
1065 3330 1170 3390 solum
1194 3330 1339 3390 ardorem
1365 3331 1453 3407 solis,

296 3433 339 3525 pt
355 3429 466 3509 incipit
481 3431 739 3507 chrystallisatio
756 3431 808 3490 vel
825 3431 1008 3509 granulatio
1026 3430 1195 3490 mensibus
1213 3430 1288 3509 ntaji
1303 3436 1335 3490 et
1353 3430 1453 3494 lunii.

306 3527 487 3607 Quumque
517 3531 632 3591 incolae
662 3531 771 3590 sciunt
801 3535 967 3610 peractam
998 3547 1073 3590 esse
1103 3531 1452 3608 chrystallisationem,

307 3635 418 3691 notum
443 3632 503 3691 boc
527 3629 650 3691 iaciunt
675 3631 770 3705 indis,
795 3631 849 3707 qui
872 3633 933 3690 sub
957 3630 1096 3691 dominio
1120 3631 1245 3691 illorum
1279 3636 1368 3707 sunt,
1401 3633 1454 3710 qui

306 3736 384 3790 tunc
401 3731 567 3792 turmatim
583 3731 722 3791 veniunt
734 3736 767 3792 et
780 3731 882 3790 salem
896 3731 983 3791 illum
997 3729 1184 3791 conlectum
1202 3732 1275 3792 inde
1288 3731 1455 3810 deferunt;

305 3847 411 3908 exque
428 3833 496 3892 sale
513 3829 690 3892 conficiunt
705 3832 869 3892 colliculos
886 3833 936 3891 vel
955 3833 1101 3892 cumulos
1116 3833 1272 3908 quosdam
1298 3833 1328 3892 in
1353 3831 1455 3893 torma

305 3932 509 4010 pyramidali,
535 3949 598 3992 non
623 3932 794 3992 dissimiles
818 3933 956 3992 cumulis
980 3931 1058 3992 toeni
1081 3938 1228 4011 tempore
1252 3934 1400 3993 autumni
1424 3935 1454 3993 in

304 4049 420 4110 campo
449 4033 580 4095 erectis,
627 4031 760 4094 Cumuli
788 4033 818 4092 bi
849 4032 924 4092 dicti
948 4033 1044 4111 plane
1069 4037 1288 4110 conteguntur
1314 4033 1394 4093 rosis
1422 4039 1455 4094 et

306 4133 415 4192 herbis
445 4133 646 4208 siccioribus,
677 4151 759 4210 quas
787 4133 861 4193 dein
888 4133 1087 4207 accendunt,
1120 4134 1201 4193 adeo
1230 4138 1265 4193 ut
1293 4133 1453 4210 deflagret

305 4250 401 4294 omne
418 4239 646 4311 tegumentum
665 4239 832 4294 rosaceum
851 4233 903 4293 vel
921 4234 1119 4293 herbaceum
1127 4254 1134 4309 ;
1159 4233 1277 4293 exinde
1302 4233 1455 4311 nigrescit

306 4344 339 4394 et
354 4334 528 4394 crassescit
543 4338 653 4394 crusta
669 4335 785 4408 salina,
803 4339 835 4393 et
859 4335 903 4392 sic
928 4333 1050 4393 resistit
1071 4333 1301 4412 copiosissimis
1323 4334 1453 4412 pluviis,

306 4433 387 4495 adeo
404 4440 438 4494 ut
451 4435 539 4494 intus
556 4436 641 4495 bene
658 4439 871 4498 conservetur
885 4434 945 4509 sal,
962 4450 1020 4493 nec
1034 4435 1075 4494 ab
1089 4435 1153 4494 ulla
1166 4434 1250 4494 aeris
1263 4434 1455 4513 intemperie

307 4534 454 4597 laedatur.
