3524 5314
416 719 576 789 MODUS
597 717 826 803 COQUENDI
844 721 992 788 SALEM
1010 718 1059 787 ΙΝ
1079 720 1283 789 ΒΟΤΗΝΙΑ.
1386 739 1423 804 37

277 910 467 988 pierumque
498 909 656 988 reperitur
671 909 703 969 in
721 909 789 970 loco
805 909 963 987 superiori
978 924 1075 986 quarn
1092 907 1234 970 interiori
1257 910 1311 970 ubi
1337 925 1422 971 cras·

277 1009 340 1072 sior
352 1014 417 1072 est.
448 1007 575 1070 Tonnae
588 1007 751 1087 praedicrae
762 1007 958 1070 infodiendae
971 1013 1050 1069 sunt
1059 1017 1170 1071 arenae
1181 1009 1221 1070 ad
1234 1007 1421 1071 distantiam

276 1110 416 1186 aliquam
447 1103 465 1170 a
493 1110 584 1184 mari,
612 1109 670 1170 sed
701 1124 774 1169 cum
800 1107 1004 1185 discrimine;
1030 1109 1170 1171 interest
1194 1110 1355 1171 interdum
1387 1116 1423 1171 ut

259 1210 403 1290 'propior
427 1211 507 1271 mari
524 1210 623 1277 locus
650 1209 799 1288 eligatur,
824 1209 987 1271 interdum
1013 1211 1176 1286 remotior,
1193 1215 1296 1288 prout
1323 1226 1422 1290 expe·

204 1293 207 1302 ’
278 1311 403 1372 riuntur
424 1309 621 1371 salsedinem
647 1310 803 1371 minorem
829 1310 881 1371 vel
909 1311 1078 1388 majorem.
1135 1308 1168 1372 Si
1192 1311 1324 1390 planum
1353 1311 1423 1372 lito·

278 1411 345 1473 rale
372 1427 435 1472 non
462 1411 628 1488 obliquum
659 1410 702 1471 sit
728 1411 785 1471 sed
816 1408 885 1470 fere
920 1412 1109 1490 parallelum
1144 1427 1217 1471 curn
1253 1409 1424 1491 superficie

277 1527 372 1589 aquae
389 1510 534 1586 marinae,
552 1515 630 1572 tunc
653 1510 694 1571 ad
717 1510 905 1572 distantiam
933 1525 992 1572 100
1014 1511 1066 1571 vei
1089 1525 1151 1572 200
1172 1511 1291 1591 pedum
1315 1513 1424 1573 soient

276 1616 395 1692 puteos
410 1614 463 1673 vel
480 1612 644 1674 cavitates
659 1610 817 1689 quasdam
834 1609 988 1696 formare,
1006 1610 1064 1671 sed
1081 1611 1155 1672 dein
1173 1612 1423 1691 progrediuntur

279 1713 435 1775 remotius
450 1730 469 1773 a
486 1712 578 1774 litore
596 1728 698 1790 usque
714 1711 754 1772 ad
771 1711 960 1772 distantiam
977 1710 1047 1772 fere
1062 1725 1125 1788 400
1140 1716 1173 1773 et
1192 1713 1319 1790 500,¹ut
1335 1718 1369 1775 et
1384 1713 1424 1774 ad

278 1825 371 1890 2000,
395 1812 582 1889 scilicet,si
597 1813 702 1876 solum
720 1811 903 1872 arenarium
922 1828 1037 1890 purum
1055 1817 1203 1892 apparet.
1249 1812 1296 1874 lta
1314 1819 1425 1875 tamen

278 1914 387 1976 solent
400 1918 515 1993 aptare
530 1918 666 1975 tonnam
683 1913 713 1973 in
730 1929 864 1974 arenam
882 1911 1063 1988 infossam',
1082 1917 1118 1973 ut
1134 1913 1197 1973 ima
1213 1913 1286 1992 ejus
1298 1930 1373 1993 pars
1385 1915 1425 1976 ad

278 2014 532 2094 parallelismum
548 2030 643 2093 aquae
659 2013 792 2074 litoralis
808 2012 964 2092 depressa
981 2013 1034 2087 sit,
1060 2014 1120 2074 hoc
1137 2018 1200 2090 est,
1219 2018 1254 2074 ut
1269 2013 1332 2075 ima
1349 2031 1425 2094 pars

276 2120 390 2176 tonnae
412 2115 444 2176 in
467 2116 565 2194 plano
587 2113 672 2175 dicto
694 2114 850 2193 parallelo
866 2113 919 2174 sit.
965 2111 1029 2176 Sed
1053 2113 1242 2175 exactitudo
1265 2115 1335 2175 haec
1360 2131 1423 2177 non

277 2232 407 2295 semper
424 2222 475 2277 est
499 2215 703 2290 necessaria;
727 2213 780 2274 ubi
798 2230 877 2275 vero
893 2219 972 2274 sunt
993 2215 1094 2274 colles
1109 2215 1238 2276 arenosi
1253 2215 1324 2275 sive
1346 2216 1423 2277 obli-

276 2317 432 2394 quitates,
450 2317 481 2377 in
498 2316 653 2377 auxilium
671 2313 830 2376 locandae'
846 2318 925 2375 sunt
940 2315 1050 2392 plures
1065 2319 1190 2391 tonnae,
1206 2331 1343 2393 quarum
1361 2334 1425 2377 una

279 2433 377 2496 super
392 2417 533 2478 alterum
552 2418 726 2477 relocatur.

319 2516 453 2597 Propius
470 2515 550 2578 mari
564 2515 699 2577 debilior
714 2533 798 2594 aqua
816 2516 974 2594 reperitur
989 2531 1086 2593 quarn
1101 2521 1136 2576 ut
1152 2516 1226 2577 inde
1237 2519 1283 2577 sal
1299 2533 1424 2579 merea·

275 2617 518 2693 turextralri,at
531 2615 686 2678 remotius
698 2616 806 2677 amari
821 2616 897 2677 nihil
910 2616 1087 2691 obtinetur,
1101 2615 1161 2676 nisi
1171 2633 1268 2696 supra
1280 2622 1421 2679 tractum

275 2719 364 2780 illurn
382 2718 588 2780 remotiorem
606 2715 648 2778 sit
663 2732 800 2796 campus
816 2716 1004 2796 sylvestrlS,
1022 2716 1157 2792 scillcet,
1176 2721 1211 2778 ut
1227 2718 1317 2797 copia
1334 2716 1422 2780 tacta

276 2819 318 2881 sit
340 2835 435 2898 aquae
458 2818 592 2879 marinae
614 2832 764 2896 campum
789 2817 877 2878 illum
901 2817 1158 2892 transcurrendi,
1184 2835 1288 2895 usque
1310 2823 1422 2881 tamen

278 2937 341 2982 non
356 2924 498 2982 meretur
514 2935 659 2998 operam.
705 2916 769 2980 Sed
782 2923 818 2978 ut
833 2917 1022 2980 obtineatur
1038 2933 1123 2995 aqua
1136 2918 1205 2979 sale
1218 2918 1375 2980 ditissima
1392 2929 1425 2982 et

276 3021 375 3100 hujus
390 3019 521 3099 generis
537 3018 823 3099 praestantissima,
841 3018 1020 3098 periculum
1039 3018 1088 3079 bic
1112 3023 1146 3079 et
1169 3018 1211 3079 ibi
1235 3016 1422 3081 faciendum

277 3126 329 3182 est
343 3119 529 3202 infodiendo
543 3120 643 3191 cados
659 3119 711 3180 vel
728 3124 861 3181 tonnas.

319 3219 404 3283 Cadi
425 3220 570 3299 praedicti
593 3219 645 3280 vel
669 3224 782 3281 tonnae
804 3219 1072 3298 perterebrantur
1095 3224 1129 3280 et
1151 3217 1358 3297 perforantur
1381 3224 1422 3282 ab

276 3322 364 3384 omni
379 3326 485 3401 parte,
510 3320 592 3382 adeo
616 3324 652 3381 ut
674 3318 772 3381 tactae
795 3319 860 3381 sint
883 3320 1004 3398 patulae
1030 3318 1257 3395 foraminibus,
1282 3334 1422 3398 cumque

275 3422 430 3483 immissae
442 3421 507 3482 sint
519 3435 641 3495 arenae,
656 3419 862 3482 circumcirca
878 3425 1036 3499 teguntur
1050 3420 1169 3482 cortice
1186 3425 1219 3482 et
1234 3419 1309 3481 dein
1328 3421 1425 3482 ramis

276 3526 310 3585 et
332 3520 508 3586 frondibus
524 3520 640 3601 pineis,
665 3521 695 3581 in
727 3521 814 3582 illum
845 3521 970 3582 scilicet
999 3519 1110 3597 frnern,
1144 3527 1180 3582 ut
1196 3522 1267 3581 haec
1292 3520 1423 3600 impedi·

277 3612 389 3686 mento
405 3622 482 3699 sint,
501 3637 542 3685 ne
558 3639 659 3683 arena
681 3621 776 3682 simul
794 3637 865 3682 cum
883 3637 967 3699 aqua
984 3621 1099 3683 influat
1115 3626 1149 3682 et
1163 3637 1281 3699 aquam
1299 3623 1422 3684 turbet.

276 3723 359 3786 Loco
372 3729 547 3786 tonnarunr
561 3722 612 3783 alii
626 3722 686 3782 sibi
697 3726 893 3784 construunt
920 3723 1127 3801 receptacula
1139 3722 1289 3800 quaedam
1315 3722 1421 3801 lignea

275 3824 306 3884 in
330 3823 564 3903 longitudinem
589 3822 729 3899 aliquam
753 3826 913 3900 porrecta,
942 3821 1013 3883 sive
1040 3828 1150 3883 strues
1179 3821 1337 3900 quasdam
1369 3825 1421 3884 vei

277 3925 456 3986 munimina
480 3923 598 4003 lignea,
619 3921 799 3986 secundum
823 3922 971 4001 cujusvis
986 3922 1178 3985 industriam
1195 3928 1229 3984 et
1245 3923 1423 4001 ingenium.

318 4023 522 4103 Relinquitur
538 4023 612 4085 dein
630 4028 731 4084 tonna
747 4021 872 4084 infossa
888 4023 971 4084 litori
987 4028 1021 4084 et
1031 4024 1151 4102 tegitur
1163 4039 1305 4103 superne
1322 4038 1425 4102 usque

275 4126 351 4187 dum
368 4141 453 4204 aqua
469 4141 505 4186 se
522 4123 689 4204 paullatim
715 4123 904 4184 insinuante
929 4125 1054 4203 repleta
1077 4123 1131 4198 sit,
1154 4123 1241 4201 quod
1264 4122 1333 4184 fieri
1358 4125 1425 4202 ple·

277 4243 413 4305 rumque
428 4227 513 4287 solet
527 4226 611 4286 intra
628 4224 768 4303 spatium
786 4223 883 4284 unius
899 4224 974 4299 diei,
991 4225 1061 4284 sive
1074 4231 1206 4302 tempus
1222 4223 1263 4284 sit
1279 4225 1424 4302 pluvium

275 4328 345 4388 sive
361 4342 529 4401 serenum,
548 4325 619 4386 siue
637 4330 739 4385 aestas
755 4325 827 4384 sive
844 4325 975 4402 hyems.
1022 4325 1114 4402 Aqua
1131 4325 1200 4384 lraec
1218 4325 1262 4384 sic
1286 4323 1423 4386 collecta

274 4429 387 4490 salsior
405 4428 507 4489 multo
523 4432 574 4488 est
590 4442 674 4503 aqua
689 4425 832 4502 marina;
846 4426 916 4504 ipsa
927 4425 1057 4485 salsedo
1071 4431 1218 4486 remanet
1230 4423 1282 4483 diu
1294 4424 1423 4499 eadem,

278 4529 338 4590 sed
352 4545 425 4590 cum
442 4533 556 4590 tonnae
571 4543 628 4607 per
644 4526 773 4603 aliquod
789 4531 920 4604 tempus
936 4525 967 4586 in
984 4526 1075 4586 litore
1099 4523 1317 4584 remanserint
1337 4524 1428 4585 debi-
