3442 5302
344 767 385 828 80
723 763 780 828 DE
800 763 908 828 SALE
929 763 1145 828 COMMUNI

341 950 441 1024 ferei
458 951 561 1028 pedis.
607 950 694 1011 lntra
710 966 729 1026 4
745 950 815 1010 dies
828 967 884 1028 per
899 949 1115 1034 recoctionem
1131 949 1321 1010 obtinentur
1334 963 1375 1010 20
1387 950 1438 1009 vel
1454 965 1493 1028 30

340 1055 452 1112 tonnae
468 1052 546 1112 salis
562 1049 731 1130 purificati.

381 1150 433 1212 Sal
452 1153 496 1212 ita
512 1151 718 1231 purificatum
733 1150 808 1210 inde
826 1167 889 1211 non
906 1148 1052 1210 defertur
1069 1151 1100 1208 in
1118 1149 1187 1209 loca
1202 1149 1414 1224 calescentia‚
1433 1151 1490 1211 sed

339 1252 370 1311 in'
388 1253 595 1331 receptacula
613 1253 719 1330 lignea
736 1251 871 1329 majora,
889 1250 920 1310 in
933 1250 1051 1327 quibus
1063 1255 1219 1326 tanquam
1237 1254 1355 1328 sponte
1371 1269 1430 1311 sua
1443 1252 1489 1312 in·

338 1354 484 1428 calescit,
503 1359 536 1414 et
561 1353 632 1413 sine
656 1351 777 1413 auxilio
800 1351 883 1412 alius
905 1351 1021 1412 caloris
1043 1355 1141 1426 quarn
1165 1349 1285 1410 suimet
1308 1351 1409 1430 ipsius
1431 1351 1490 1412 sic·

340 1458 446 1514 catur.
797 1533 799 1536 .

381 1553 566 1632 Chrystalli
582 1553 657 1613 inde
674 1556 783 1612 enata:
799 1557 876 1612 sunt
891 1551 1004 1612 fornrae
1022 1554 1191 1631 regularis,
1209 1556 1351 1629 suntque
1368 1553 1491 1631 majus-

337 1655 420 1714 culae
437 1659 470 1714 et
486 1653 602 1714 coloris
618 1651 787 1727 albissimi,
802 1656 945 1729 suntque
962 1653 1102 1714 leviores
1114 1653 1267 1730 quoniam
1283 1655 1396 1713 subter
1412 1657 1490 1714 sunt

339 1759 522 1816 excavatae.

862 1903 968 1966 XXXI.

366 2087 553 2150 -COCTlO
578 2085 695 2148 SALlS
720 2085 861 2148 NUPER
886 2087 1075 2150 INCEPTA
1100 2087 1451 2150 STOCKHOLMIAE.

381 2239 476 2300 Anno
497 2239 575 2314 1726
590 2239 631 2298 ab
650 2238 754 2315 Anglo
769 2238 922 2316 quodam,
941 2236 1099 2299 O’Brien¹
1117 2239 1214 2312 dicto,
1229 2244 1262 2299 et
1275 2239 1437 2316 aliquibus
1459 2240 1487 2300 ei

337 2339 510 2400 associatis
525 2340 656 2418 incepta
672 2343 724 2398 est
739 2338 842 2399 coctio
857 2339 1006 2416 quaedam
1024 2339 1102 2399 salis
1117 2340 1200 2399 circa
1218 2338 1405 2400 Danwilren
1423 2357 1487 2401 non

338 2441 448 2518 procul
466 2441 507 2499 ab
525 2440 605 2498 urbe
630 2437 865 2500 Stoclrtrolmia.
912 2438 1100 2518 Praecipuus
1129 2440 1190 2500 illis
1220 2457 1299 2500 usus
1328 2445 1381 2500 est
1410 2441 1488 2500 salis

338 2557 477 2618 gemmae
493 2557 534 2599 ex
551 2539 666 2616 Anglia
683 2543 716 2599 et
730 2539 934 2616 Liverpoole²
945 2541 1019 2600 illuc
1035 2540 1147 2616 delati,
1160 2541 1213 2600 vili
1227 2541 1313 2600 enirn
1326 2541 1430 2619 pretio
1440 2541 1488 2600 eis

337 2645 480 2702 constat.
526 2638 580 2700 Sal
602 2639 722 2699 dictum
740 2655 879 2716 gemmae
905 2645 957 2700 est
980 2641 1095 2700 coloris
1121 2640 1249 2700 brunei⁸
1274 2640 1488 2702 flavescentis

327 2723 411 2800 'curn
437 2741 587 2818 inspersa
612 2739 753 2816 quadarn
779 2739 968 2816 nigredine;
989 2741 1107 2801 dantur
1132 2741 1230 2801 etiarn
1254 2740 1359 2801 frusta
1383 2741 1487 2801 salina

337 2840 498 2920 pellucida
520 2840 577 2900 sed
604 2839 777 2900 admodum
805 2857 888 2900 rare.
935 2839 1033 2901 Circa
1055 2842 1102 2901 sal
1130 2843 1309 2902 rubescens
1334 2842 1484 2918 quaedam

338 2941 449 3018 argilla
466 2942 518 3001 vel
536 2941 663 3020 species
680 2940 755 3015 boli,
775 2945 809 3000 ut
826 2945 859 3000 et
875 2941 956 3019 lapis
973 2941 1001 3000 ei
1018 2941 1141 3016 similis,
1159 2940 1275 3002 affixus
1292 2941 1432 3017 videtur,
1452 2947 1487 3002 ut

337 3047 370 3103 et
386 3041 498 3119 argilla
515 3042 631 3102 coloris
647 3041 790 3120 caerulei,
812 3057 886 3117 quae
903 3041 1000 3101 etiam
1019 3041 1068 3101 nic
1085 3047 1119 3102 et
1135 3042 1209 3102 inde
1226 3041 1371 3103 insinuat
1394 3059 1430 3102 se
1454 3043 1485 3102 in

336 3147 501 3202 texturam
518 3142 704 3202 inferiorern
722 3141 797 3201 dicti
820 3141 906 3204 salis.
1117 3212 1119 3220 Ι

379 3241 432 3304 Sal
450 3243 509 3303 hoc
527 3242 741 3319 Anglicanum
758 3258 897 3318 gemmae
909 3242 939 3301 in
952 3259 1055 3320 capax
1067 3243 1226 3318 quoddam
1243 3245 1484 3322 receptaculum

336 3361 420 3420 aqua
436 3344 568 3421 plenum
586 3343 769 3402 immittitur
785 3346 818 3402 et
841 3342 918 3402 inibi
945 3343 1093 3418 solvitur,
1120 3348 1153 3403 et
1177 3345 1341 3422 peragitur
1368 3345 1486 3404 solutio

336 3461 396 3522 ope
412 3444 578 3504 continuae
594 3442 790 3519 agitationis
807 3459 881 3519 quae
897 3447 1023 3521 perstat
1039 3442 1144 3521 spatio
1166 3443 1186 3502 6
1208 3444 1260 3504 vel
1285 3461 1303 3519 7
1319 3446 1483 3506 horarum.

337 3545 463 3604 interea
480 3544 629 3617 solvitur,
646 3543 703 3602 sed
730 3543 938 3603 nihilominus
961 3545 1116 3621 probatur
1142 3561 1218 3603 num
1235 3545 1484 3623 impraegnatum

336 3645 378 3706 sit
394 3644 475 3706 satis
490 3661 552 3723 ope
568 3660 653 3704 cerae
668 3642 803 3704 fluentis
820 3648 854 3703 ut
879 3647 912 3703 et
938 3660 999 3721 ope
1015 3643 1100 3720 globi
1118 3644 1224 3720 vitrei,
1243 3645 1268 3704 si
1286 3647 1372 3704 eninr
1387 3663 1485 3724 super

335 3762 453 3822 aquarn
472 3748 589 3806 natant
604 3744 731 3821 signum
749 3748 801 3804 est
816 3744 957 3804 solutum
971 3761 1045 3804 esse
1062 3744 1122 3806 sal.
1169 3743 1254 3804 Curn
1272 3745 1416 3805 lixivium
1434 3751 1487 3807 est

336 3846 417 3907 satis
432 3844 528 3920 forte,
546 3862 606 3923 ope
619 3845 728 3923 pistilli
743 3844 887 3922 aperitur
903 3843 1063 3919 foramen,
1083 3845 1169 3904 unde
1186 3844 1299 3906 defluit
1325 3847 1356 3906 in
1375 3864 1485 3926 recep·

335 3947 480 4006 taculum
497 3945 657 4022 quoddam
675 3945 872 4022 subjectum,
892 3949 926 4004 et
942 3944 1017 4004 inde
1033 3945 1065 4004 in
1082 3945 1224 4005 cortinas
1240 3945 1395 4009 defertur.

352 4066 357 4082 ’
377 4045 551 4107 Sarmenta
567 4047 694 4124 impura
710 4045 741 4104 in
758 4043 860 4105 fundo
885 4045 1090 4104 remanentia
1106 4045 1137 4104 in
1154 4045 1239 4106 aliud
1256 4047 1416 4122 quoddam
1436 4066 1485 4107 re-

335 4147 541 4226 ceptaculum
559 4146 788 4225 conjiciuntur,
817 4150 851 4205 et
866 4162 907 4205 ex
924 4145 985 4206 illis
1001 4145 1146 4206 lixivium
1168 4147 1336 4207 obtinetur
1359 4165 1400 4206 ex
1420 4165 1484 4224 quo

334 4248 432 4308 etiam
449 4248 496 4308 sal
510 4247 649 4324 excoqui
662 4251 783 4324 potest.
821 4245 854 4306 si
870 4247 968 4306 etiarn
981 4245 1075 4306 detur
1086 4246 1133 4305 sal
1144 4246 1304 4323 quoddam
1322 4247 1483 4326 impurum

335 4348 418 4408 alius
434 4348 576 4426 generis,
595 4346 780 4423 recoquitur
796 4347 893 4406 etiarn
911 4346 988 4406 illud
1004 4351 1038 4406 et
1053 4345 1253 4424 purificatur.

378 4447 515 4510 Cortina
532 4453 584 4509 est
599 4447 783 4508 altitudinis
803 4461 838 4523 13
855 4446 1040 4524 digitorum,
1066 4451 1100 4507 et
1115 4447 1146 4506 in
1163 4445 1266 4508 forrna
1290 4465 1384 4526 paene
1405 4465 1484 4526 qua·

334 4550 426 4610 drata
443 4547 484 4630 7}
498 4548 630 4628 pedum,
648 4552 805 4608 constans
822 4546 950 4630 laminis
966 4545 1161 4608 firmioribus
1187 4547 1262 4609 ferri
1276 4566 1357 4624 cum
1381 4549 1484 4611 clavis
