3442 5302
398 600 465 662 DE
486 598 627 664 LOCIS
654 599 740 663 UBI
765 599 857 662 SAL
885 600 1174 664 REPERITUR
1333 615 1391 675 153

188 781 415 848 Saltzkothen
431 782 465 846 in
483 784 626 848 Paderb.

188 883 412 948 Saltzschiirff
427 882 461 946 in
477 883 577 947 Fuld.

190 983 344 1049 Saltzsee
359 983 394 1046 in
411 983 597 1047 Museovia.

189 1082 359 1149 Saltzthal
374 1084 409 1147 in
426 1083 611 1161 Hercynia.

189 1185 401 1259 Saltzungen
416 1182 450 1246 in
462 1182 674 1259 Thiiringen.

188 1286 281 1349 Sana
296 1285 331 1348 in
347 1277 649 1359 Wiirtemburgia¹.

189 1385 239 1448 St.
260 1383 359 1448 Polet
375 1383 409 1446 in
426 1383 635 1458 Burgundia.

190 1483 358 1549 Sardinia.

189 1583 406 1648 Sassendorff
421 1583 455 1646 in
472 1582 587 1648 Cleve.

190 1685 381 1761 Sastrupen
396 1683 431 1746 in
444 1681 674 1760 Westphalia.

190 1783 329 1848 Saulbie
345 1783 379 1846 in
397 1782 606 1858 Burgundia.

189 1882 457 1948 Schmalkalden
473 1881 508 1945 in
524 1883 684 1947 Henneb.

188 1983 394 2049 Sch6nbeck
409 1982 444 2046 in
461 1976 734 2059 Magdeburgia.²

189 2083 411 2160 Schbningen
427 2081 461 2145 in
478 2081 668 2158 Brunswig.

189 2182 421 2248 Schweidnitz
436 2182 471 2247 in
488 2181 621 2246 Silesia.

189 2284 361 2349 Schweitz
376 2284 525 2350 Canton.
623 2293 626 2301 ’

188 2385 365 2461 Segeberg
379 2383 414 2446 in
431 2381 612 2447 Hallsatia.

189 2483 333 2550 Setubal
348 2484 383 2547 in
400 2481 621 2560 Portugallia.

189 2584 302 2649 Sitten
318 2583 353 2647 in
368 2585 430 2648 der
445 2575 642 2647 Schweitz.³

189 2684 272 2749 Slan
288 2684 322 2749 in
339 2683 519 2748 Bohemia.

189 2783 249 2848 Sol
264 2785 298 2848 in
316 2783 462 2849 Prussia.

194 2879 271 2958 [Sol
287 2884 321 2948 in
337 2881 615 2961 Magdeburgla]

815 783 1020 848 Soldwedel.

814 882 1009 948 Solendorf.
1110 885 1114 894 '

814 976 943 1047 Sobar‘
957 983 992 1046 in
1009 982 1199 1059 Hungaria.

814 1081 982 1148 Stassfurt
997 1083 1032 1146 in
1050 1076 1324 1160 Magdeburgia.⁶
1375 1104 1382 1116 ·

814 1181 900 1247 Suhl
916 1182 950 1247 in
967 1184 1127 1247 Henneb.

814 1281 965 1346 Siildorfl
984 1281 1019 1346 in
1036 1283 1259 1359 Magdeburg.

814 1381 933 1447 Sultza
948 1381 983 1446 in
999 1383 1195 1459 Luneburg.

815 1482 934 1546 Sultza
951 1481 987 1545 in
1003 1481 1177 1559 Anspach.

814 1581 933 1645 Sultza
949 1581 983 1645 in
999 1581 1199 1657 Thuringia.

753 1722 755 1727 -
815 1681 933 1745 Sultza
948 1681 983 1745 in
1000 1682 1148 1748 Wester.

815 1780 933 1846 Sultza
949 1783 993 1847 ad
1009 1782 1116 1847 Neck.

814 1881 1002 1946 Sultzbach
1017 1881 1052 1945 in
1074 1884 1220 1946 Nassau.

814 1981 1001 2058 Sultzburg
1015 1981 1050 2046 in
1067 1981 1190 2047 Badin.

813 2081 1023 2146 Traunstein
1037 2081 1072 2145 in
1089 2081 1249 2147 Bavaria.

811 2181 1018 2246 Tasantaise
1033 2181 1067 2245 in
1084 2182 1209 2259 Savoy.

812 2281 1002 2346 Turkheim
1019 2281 1052 2346 in
1070 2269 1201 2347 Phalt'z.

813 2381 979 2447 Valencia
994 2381 1029 2445 in
1046 2375 1244 2459 Hispania.⁶

814 2483 917 2548 Unau
932 2481 967 2544 in
983 2480 1116 2546 Yiilich.

814 2583 888 2648 Urb
903 2581 938 2645 in
955 2583 1105 2658 Mayntz.

814 2681 1019 2748 Weissbach
1035 2681 1069 2744 in
1086 2679 1260 2745 Hohenlo.

814 2782 1038 2858 Winnungen
1053 2781 1088 2844 in
1108 2779 1300 2858 Brunswig.

815 2882 1013 2958 Xaintogne
1029 2880 1063 2945 in
1086 2879 1217 2945 Galliis.
