3442 5302
708 728 766 792 DE
786 727 896 794 SALE
917 727 1140 793 COMMUNI.

891 913 969 976 ΧΗ.

551 1067 554 1074 ’
643 1082 698 1143 DE
722 1081 889 1147 SPlRlTU
913 1080 1030 1145 sauls
1055 1080 1205 1146 DULCl.

390 1215 575 1296 Recipiatur
591 1217 723 1296 spiritus
739 1217 816 1278 salis
832 1216 944 1295 optimi
970 1221 1004 1278 et
1020 1217 1155 1295 aequalis
1171 1234 1247 1296 pars
1270 1216 1400 1279 alirohol
1426 1217 1506 1294 vini;

347 1318 418 1378 sive
434 1317 568 1395 spiritus
584 1317 661 1378 salis
677 1334 751 1396 pars
771 1334 797 1388 1,
817 1322 850 1378 et
874 1317 1006 1397 spiritus
1022 1317 1089 1378 vini
1106 1333 1136 1380 2.
1183 1317 1396 1394 misceantur,
1415 1317 1505 1379 etad

347 1418 528 1480 siccitatem
546 1435 650 1495 usque
662 1417 870 1478 destillentur
883 1435 901 1478 e
914 1422 1035 1478 retorta
1039 1438 1049 1502 5
1062 1418 1138 1479 inde
1150 1419 1254 1480 habes
1267 1419 1415 1498 spiritum
1429 1419 1507 1480 salis

347 1519 488 1580 dulcem.
534 1517 795 1580 Observandum
823 1523 875 1579 est
902 1535 942 1578 ne
966 1519 1049 1596 ignis
1072 1521 1133 1579 sub
1160 1517 1259 1579 fmem
1282 1520 1371 1597 justo
1394 1518 1506 1580 tortior

317 1646 321 1650 ·
347 1618 419 1696 frat;
436 1619 497 1680 nisi
512 1623 683 1694 caveatur,
703 1620 861 1698 rumpitur
878 1623 1012 1680 retorta.
1049 1617 1110 1680 Die
1123 1620 1288 1698 sequenti,
1302 1619 1333 1681 in
1350 1624 1505 1681 retortam

348 1719 572 1798 refrigeratam
592 1737 703 1780 rursus
720 1718 845 1780 infundi
869 1723 980 1798 potest
1003 1719 1136 1798 spiritus
1159 1719 1345 1781 destillatus
1368 1721 1393 1782 si
1411 1721 1505 1795 velis,

348 1825 381 1882 et
397 1820 574 1881 destillatio
589 1817 704 1881 'rursus
720 1820 759 1880 ad
783 1820 904 1880 siccum
929 1821 1037 1900 peragi
1044 1841 1052 1897 ;
1069 1821 1095 1881 sl
1111 1821 1209 1882 tertia
1225 1821 1297 1881 vice
1320 1820 1419 1882 etiam
1436 1837 1506 1900 per-

347 1926 463 2000 agatur
494 1920 609 1980 eadem
641 1920 869 1981 destillationis
896 1938 1007 1997 opera,
1036 1921 1193 1982 uniuntur
1220 1921 1252 1982 tri
1283 1921 1416 2001 spiritus
1439 1927 1504 1982 tam

348 2022 447 2097 bene,
465 2025 501 2081 ut
516 2021 674 2099 optimum
700 2021 831 2082 odorem
854 2025 887 2081 et
914 2020 1078 2098 limpidum
1106 2022 1247 2082 colorem
1275 2021 1506 2101 adipiscantur.

350 2121 498 2182 Habetur
514 2121 612 2182 etiam
644 2121 778 2200 spiritus
794 2121 896 2181 dulcis
912 2122 937 2181 si
956 2121 1049 2182 modo
1082 2123 1183 2182 semel
1201 2122 1357 2184 destillati
1384 2123 1451 2183 sint
1474 2122 1508 2182 li-

350 2239 481 2300 quotes.

390 2321 504 2384 Aliter.
536 2322 720 2398 accipiatur
737 2323 869 2401 spiritus
885 2322 974 2394 salis,
989 2338 1008 2399 4
1025 2322 1208 2398 unciarum,
1225 2323 1279 2400 qui
1297 2322 1505 2398 rectificetur,

351 2423 425 2483 dum
444 2421 484 2496 2}
501 2423 605 2482 unclae
622 2422 687 2483 sint
712 2423 865 2499 residuae3
892 2422 1080 2501 digerantur
1104 2423 1198 2484 simul
1223 2424 1385 2501 aliquibus
1408 2423 1505 2499 horiS,

350 2523 557 2584 destillentur
574 2523 647 2583 dein
664 2540 721 2602 per
739 2526 894 2584 retortam
920 2523 994 2601 igne
1022 2523 1173 2584 mediocri
1190 2525 1220 2584 in
1238 2541 1350 2599 arena,
1368 2524 1505 2603 primum

351 2625 458 2685 calore
476 2624 551 2698 leni,
580 2623 655 2684 dum
680 2623 813 2701 spiritus
840 2624 906 2684 vini
928 2625 1081 2685 elevatus
1105 2625 1159 2697 sit,
1188 2641 1327 2702 cumque
1344 2625 1507 2703 peragitur

352 2729 412 2788 hoc
429 2728 590 2804 apparent
606 2724 641 2783 in
655 2724 833 2802 recipiente
850 2727 1012 2786 stricturae
1030 2725 1082 2784 vel
1100 2725 1240 2786 lineares
1269 2724 1394 2804 frgurae,
1425 2725 1508 2802 quod

350 2828 427 2889 dum
446 2825 568 2900 fruitur,
586 2823 677 2885 frnita
693 2825 791 2884 etiam
808 2829 861 2886 est
876 2824 1051 2886 destillatio
1069 2825 1200 2904 spiritus
1218 2825 1294 2886 vini.
1341 2825 1509 2904 Augeatur

351 2928 424 2989 dein
442 2926 535 3005 ignis,
553 2942 626 2985 cum
643 2925 696 2984 illa
712 2929 824 2985 tamen
841 2927 972 2986 cautela
1000 2942 1040 2986 ne
1054 2931 1223 3006 rumpatur
1237 2930 1371 3002 retorta,
1389 2931 1423 2988 et
1434 2943 1509 2987 con·

350 3010 497 3106 tinuetur
513 3027 588 3086 dum
606 3027 712 3086 omnis
727 3026 830 3102 liquor
846 3027 887 3086 sit
902 3026 977 3087 inde
993 3027 1154 3104 dejectus,
1182 3027 1324 3104 dumque
1354 3026 1441 3087 sicca
1468 3026 1510 3087 sit

352 3133 488 3203 retorta;
503 3127 637 3206 spiritus
662 3126 712 3186 hic
740 3130 968 3188 conservetur.
1015 3125 1242 3188 Observatum
1266 3131 1329 3203 est,
1346 3127 1430 3204 quod
1446 3144 1508 3205 quo

352 3229 473 3290 diutius
499 3227 687 3304 digerantur
713 3227 866 3304 liquores,
895 3244 934 3288 eo
961 3227 1137 3288 dulciorem
1166 3226 1235 3288 lieri
1262 3227 1423 3306 spiritum,
1452 3245 1508 3307 per

350 3329 484 3392 crudum
510 3327 738 3405 digestionem¹
764 3327 954 3387 dulcescere
979 3326 1077 3388 etiam
1105 3328 1315 3405 aliquatenus
1345 3323 1506 3406 spiritum,

350 3430 474 3492 scilicet
489 3429 516 3489 si
532 3429 564 3486 in
582 3429 650 3488 loco
666 3427 769 3488 calido
785 3444 842 3506 per
860 3443 875 3504 3
893 3429 944 3487 vel
973 3444 992 3504 4
1017 3427 1221 3506 septimanas
1244 3428 1275 3489 in
1293 3428 1507 3506 digestionem

351 3531 589 3608 relinquantur3
606 3529 698 3605 sique
711 3528 814 3589 dulcis
832 3546 895 3589 non
912 3529 992 3589 satis
1005 3529 1047 3589 sit
1059 3528 1203 3608 spiritus,
1215 3530 1317 3609 repeti
1334 3530 1508 3591 destillatio

351 3635 472 3711 potest.
519 3628 662 3706 Quoque
693 3629 795 3689 minor
821 3646 898 3708 pars
923 3645 1019 3707 aquae
1035 3629 1203 3708 spiritibus
1233 3630 1329 3706 adsit,
1352 3647 1391 3692 eo
1414 3631 1508 3692 citius

352 3732 511 3794 uniuntur
528 3735 561 3791 et
576 3731 782 3792 dulcescunt.
1234 3783 1235 3786 ,

392 3831 507 3895 Aliter.
551 3829 729 3892 Sumantur
749 3846 769 3907 4
791 3829 991 3892 unciaesalis
1014 3831 1197 3891 communis
1219 3831 1384 3907 calcinati,
1408 3831 1506 3892 etiam

351 3933 483 4013 spiritus
510 3929 679 3992 rectiticati
705 3946 724 4007 4
750 3931 867 4007 unciae,
893 3935 927 3992 et
943 3931 1004 3992 olei
1029 3931 1166 3992 victrioli
1191 3929 1361 3992 rectiticati
1392 3933 1424 4010 [1
1450 3949 1509 3993 un·

252 4035 255 4041 “
350 4033 444 4110 cia]².
475 4031 530 4094 Sal
546 4048 718 4092 commune
742 4031 938 4092 calcinatum
971 4031 1118 4093 mittatur
1134 4031 1165 4093 in
1184 4036 1338 4093 retortam
1356 4032 1506 4108 vitream,

351 4139 385 4195 et
399 4131 691 4212 superinfundatur
719 4132 851 4211 spiritus
878 4132 945 4193 vini
973 4130 1185 4208 rectiticatus,
1215 4137 1249 4194 et
1265 4131 1382 4193 deinde
1399 4133 1506 4193 oleum

316 4281 319 4286 ,
351 4233 500 4309 victrioli,
518 4233 574 4294 sed
591 4232 756 4311 guttatim,
785 4237 818 4292 et
845 4231 902 4293 frat
918 4232 1095 4294 destillatio
1111 4233 1143 4293 in
1172 4233 1285 4294 leniori
1311 4233 1386 4312 igne
1403 4250 1507 4312 usque

350 4334 390 4395 ad
407 4335 541 4396 siccum.
589 4333 650 4394 Per
666 4333 752 4394 hunc
769 4332 916 4412 spiritum
947 4334 1100 4394 tincturae
1126 4333 1226 4394 variae
1254 4333 1383 4394 extrahi
1410 4350 1507 4413 posse

349 4434 476 4511 dicitur,
493 4433 619 4495 scilicet
634 4450 675 4497 ex
691 4433 796 4495 tribus
812 4433 934 4518 regnis,
963 4438 999 4501 ut
1023 4438 1056 4498 et
1081 4450 1122 4498 ex
1154 4433 1367 4501 mineralibus
1390 4438 1424 4498 et
1441 4450 1509 4498 me-

351 4534 450 4610 taliis,
