<?xml version="1.0" encoding="UTF-8"?>
<!DOCTYPE html PUBLIC "-//W3C//DTD XHTML 1.0 Transitional//EN"
    "http://www.w3.org/TR/xhtml1/DTD/xhtml1-transitional.dtd">
<html xmlns="http://www.w3.org/1999/xhtml" xml:lang="en" lang="en">
 <head>
  <title>
</title>
<meta http-equiv="Content-Type" content="text/html;charset=utf-8" />
  <meta name='ocr-system' content='tesseract 3.04.00' />
  <meta name='ocr-capabilities' content='ocr_page ocr_carea ocr_par ocr_line ocrx_word'/>
</head>
<body>
  <div class='ocr_page' id='page_1' title='image "./desalecommuniho00actogoog_0021.png"; bbox 0 0 3524 5314; ppageno 0'>
   <div class='ocr_carea' id='block_1_1' title="bbox 327 689 1110 756">
    <p class='ocr_par' dir='ltr' id='par_1_1' title="bbox 327 689 1110 756">
     <span class='ocr_line' id='line_1_1' title="bbox 327 689 1110 756; baseline -0.005 0"><span class='ocrx_word' id='word_1_1' title='bbox 327 709 344 756; x_wconf 88' lang='lat'><strong>2</strong></span> <span class='ocrx_word' id='word_1_2' title='bbox 689 691 746 754; x_wconf 81' lang='lat' dir='ltr'>DE</span> <span class='ocrx_word' id='word_1_3' title='bbox 766 689 873 755; x_wconf 79' lang='lat' dir='ltr'><em>SALE</em></span> <span class='ocrx_word' id='word_1_4' title='bbox 895 689 1110 755; x_wconf 82' lang='lat' dir='ltr'><em>COMMUNI</em></span> 
     </span>
    </p>
   </div>
   <div class='ocr_carea' id='block_1_2' title="bbox 127 874 1496 4577">
    <p class='ocr_par' dir='ltr' id='par_1_2' title="bbox 329 874 1475 1256">
     <span class='ocr_line' id='line_1_2' title="bbox 329 874 1475 956; baseline -0.003 -19"><span class='ocrx_word' id='word_1_5' title='bbox 329 879 412 940; x_wconf 93' lang='lat' dir='ltr'>vitro</span> <span class='ocrx_word' id='word_1_6' title='bbox 440 877 561 956; x_wconf 91' lang='lat' dir='ltr'>optime</span> <span class='ocrx_word' id='word_1_7' title='bbox 585 875 715 938; x_wconf 89' lang='lat' dir='ltr'>formari</span> <span class='ocrx_word' id='word_1_8' title='bbox 738 881 846 955; x_wconf 89' lang='lat' dir='ltr'>potest</span> <span class='ocrx_word' id='word_1_9' title='bbox 868 876 1157 953; x_wconf 86' lang='lat' dir='ltr'>instrumentum¹;</span> <span class='ocrx_word' id='word_1_10' title='bbox 1183 877 1316 936; x_wconf 90' lang='lat' dir='ltr'>sienim</span> <span class='ocrx_word' id='word_1_11' title='bbox 1340 874 1475 936; x_wconf 87' lang='lat' dir='ltr'>fabrica·</span> 
     </span>
     <span class='ocr_line' id='line_1_3' title="bbox 330 977 1474 1056; baseline -0.003 -16"><span class='ocrx_word' id='word_1_12' title='bbox 330 984 451 1040; x_wconf 87' lang='lat' dir='ltr'>retura</span> <span class='ocrx_word' id='word_1_13' title='bbox 475 977 572 1053; x_wconf 89' lang='lat' dir='ltr'>ferro,</span> <span class='ocrx_word' id='word_1_14' title='bbox 596 993 707 1056; x_wconf 87' lang='lat' dir='ltr'>cupro,</span> <span class='ocrx_word' id='word_1_15' title='bbox 732 977 904 1052; x_wconf 86' lang='lat' dir='ltr'>orichalco,</span> <span class='ocrx_word' id='word_1_16' title='bbox 930 977 982 1036; x_wconf 90' lang='lat' dir='ltr'>vel</span> <span class='ocrx_word' id='word_1_17' title='bbox 1006 977 1210 1038; x_wconf 87' lang='lat' dir='ltr'>aliometallo</span> <span class='ocrx_word' id='word_1_18' title='bbox 1234 977 1347 1050; x_wconf 90' lang='lat' dir='ltr'>viliori,</span> <span class='ocrx_word' id='word_1_19' title='bbox 1372 993 1474 1037; x_wconf 91' lang='lat' dir='ltr'>corro-</span> 
     </span>
     <span class='ocr_line' id='line_1_4' title="bbox 329 1077 1475 1156; baseline -0.004 -15"><span class='ocrx_word' id='word_1_20' title='bbox 329 1081 413 1141; x_wconf 85' lang='lat' dir='ltr'>ditur</span> <span class='ocrx_word' id='word_1_21' title='bbox 429 1080 470 1140; x_wconf 85' lang='lat' dir='ltr'>ab</span> <span class='ocrx_word' id='word_1_22' title='bbox 484 1079 588 1155; x_wconf 88' lang='lat' dir='ltr'>aquis,</span> <span class='ocrx_word' id='word_1_23' title='bbox 606 1083 640 1138; x_wconf 90' lang='lat' dir='ltr'>et</span> <span class='ocrx_word' id='word_1_24' title='bbox 653 1077 807 1137; x_wconf 92' lang='lat' dir='ltr'>minuitur</span> <span class='ocrx_word' id='word_1_25' title='bbox 823 1077 928 1154; x_wconf 90' lang='lat' dir='ltr'>quoad</span> <span class='ocrx_word' id='word_1_26' title='bbox 942 1077 1082 1155; x_wconf 85' lang='lat' dir='ltr'>corporis</span> <span class='ocrx_word' id='word_1_27' title='bbox 1093 1077 1166 1156; x_wconf 90' lang='lat' dir='ltr'>ejus</span> <span class='ocrx_word' id='word_1_28' title='bbox 1178 1077 1427 1150; x_wconf 85' lang='lat' dir='ltr'>dimensionem,</span> <span class='ocrx_word' id='word_1_29' title='bbox 1442 1081 1475 1137; x_wconf 89' lang='lat' dir='ltr'>ef</span> 
     </span>
     <span class='ocr_line' id='line_1_5' title="bbox 329 1177 1423 1256; baseline -0.001 -17"><span class='ocrx_word' id='word_1_30' title='bbox 329 1183 584 1256; x_wconf 87' lang='lat' dir='ltr'><strong>consequenter,</strong></span> <span class='ocrx_word' id='word_1_31' title='bbox 601 1177 676 1254; x_wconf 85' lang='lat' dir='ltr'>quia</span> <span class='ocrx_word' id='word_1_32' title='bbox 694 1193 756 1238; x_wconf 94' lang='lat' dir='ltr'>non</span> <span class='ocrx_word' id='word_1_33' title='bbox 774 1181 978 1255; x_wconf 90' lang='lat' dir='ltr'>compactum</span> <span class='ocrx_word' id='word_1_34' title='bbox 996 1181 1059 1252; x_wconf 91' lang='lat' dir='ltr'>est,</span> <span class='ocrx_word' id='word_1_35' title='bbox 1077 1178 1291 1255; x_wconf 86' lang='lat' dir='ltr'>aequilibrium</span> <span class='ocrx_word' id='word_1_36' title='bbox 1307 1177 1423 1256; x_wconf 85' lang='lat' dir='ltr'>perdit.</span> 
     </span>
    </p>

    <p class='ocr_par' dir='ltr' id='par_1_3' title="bbox 330 1277 1480 2263">
     <span class='ocr_line' id='line_1_6' title="bbox 373 1277 1475 1354; baseline -0.004 -14"><span class='ocrx_word' id='word_1_37' title='bbox 373 1279 499 1341; x_wconf 80' lang='lat' dir='ltr'>Alicubi</span> <span class='ocrx_word' id='word_1_38' title='bbox 516 1278 613 1339; x_wconf 88' lang='lat' dir='ltr'>etiam</span> <span class='ocrx_word' id='word_1_39' title='bbox 633 1295 701 1338; x_wconf 93' lang='lat' dir='ltr'>mos</span> <span class='ocrx_word' id='word_1_40' title='bbox 727 1282 789 1353; x_wconf 90' lang='lat' dir='ltr'>est,</span> <span class='ocrx_word' id='word_1_41' title='bbox 811 1278 865 1338; x_wconf 92' lang='lat' dir='ltr'>ubi</span> <span class='ocrx_word' id='word_1_42' title='bbox 890 1278 989 1338; x_wconf 87' lang='lat' dir='ltr'>colles</span> <span class='ocrx_word' id='word_1_43' title='bbox 1005 1277 1099 1338; x_wconf 92' lang='lat' dir='ltr'>salini</span> <span class='ocrx_word' id='word_1_44' title='bbox 1124 1279 1254 1353; x_wconf 87' lang='lat' dir='ltr'>dantur,</span> <span class='ocrx_word' id='word_1_45' title='bbox 1280 1278 1366 1354; x_wconf 90' lang='lat' dir='ltr'>quod</span> <span class='ocrx_word' id='word_1_46' title='bbox 1391 1294 1475 1354; x_wconf 89' lang='lat' dir='ltr'>aqua</span> 
     </span>
     <span class='ocr_line' id='line_1_7' title="bbox 330 1378 1476 1458; baseline -0.003 -18"><span class='ocrx_word' id='word_1_47' title='bbox 330 1382 361 1440; x_wconf 91' lang='lat' dir='ltr'>in</span> <span class='ocrx_word' id='word_1_48' title='bbox 380 1395 491 1458; x_wconf 85' lang='lat' dir='ltr'>rupem</span> <span class='ocrx_word' id='word_1_49' title='bbox 509 1380 594 1439; x_wconf 89' lang='lat' dir='ltr'>illam</span> <span class='ocrx_word' id='word_1_50' title='bbox 613 1379 750 1439; x_wconf 91' lang='lat' dir='ltr'>salinam</span> <span class='ocrx_word' id='word_1_51' title='bbox 769 1380 820 1438; x_wconf 92' lang='lat' dir='ltr'>vel</span> <span class='ocrx_word' id='word_1_52' title='bbox 839 1379 869 1438; x_wconf 92' lang='lat' dir='ltr'>in</span> <span class='ocrx_word' id='word_1_53' title='bbox 886 1395 1062 1440; x_wconf 82' lang='lat' dir='ltr'>cavernam</span> <span class='ocrx_word' id='word_1_54' title='bbox 1080 1380 1243 1456; x_wconf 91' lang='lat' dir='ltr'>quondam</span> <span class='ocrx_word' id='word_1_55' title='bbox 1261 1379 1291 1439; x_wconf 95' lang='lat' dir='ltr'>in</span> <span class='ocrx_word' id='word_1_56' title='bbox 1317 1395 1394 1457; x_wconf 91' lang='lat' dir='ltr'>rupe</span> <span class='ocrx_word' id='word_1_57' title='bbox 1410 1378 1476 1438; x_wconf 87' lang='lat' dir='ltr'>fac·</span> 
     </span>
     <span class='ocr_line' id='line_1_8' title="bbox 331 1479 1477 1558; baseline -0.003 -17"><span class='ocrx_word' id='word_1_58' title='bbox 331 1486 397 1541; x_wconf 90' lang='lat' dir='ltr'>tam</span> <span class='ocrx_word' id='word_1_59' title='bbox 422 1479 601 1555; x_wconf 90' lang='lat' dir='ltr'>derivetur,</span> <span class='ocrx_word' id='word_1_60' title='bbox 625 1483 659 1538; x_wconf 89' lang='lat' dir='ltr'>et</span> <span class='ocrx_word' id='word_1_61' title='bbox 681 1479 722 1539; x_wconf 95' lang='lat' dir='ltr'>ibi</span> <span class='ocrx_word' id='word_1_62' title='bbox 746 1496 803 1558; x_wconf 91' lang='lat' dir='ltr'>per</span> <span class='ocrx_word' id='word_1_63' title='bbox 828 1479 917 1539; x_wconf 88' lang='lat' dir='ltr'>vices</span> <span class='ocrx_word' id='word_1_64' title='bbox 947 1480 1100 1556; x_wconf 77' lang='lat' dir='ltr'>agitetur,</span> <span class='ocrx_word' id='word_1_65' title='bbox 1133 1481 1185 1540; x_wconf 91' lang='lat' dir='ltr'>vel</span> <span class='ocrx_word' id='word_1_66' title='bbox 1217 1481 1416 1556; x_wconf 83' lang='lat' dir='ltr'>relinquatur</span> <span class='ocrx_word' id='word_1_67' title='bbox 1442 1485 1477 1538; x_wconf 87' lang='lat' dir='ltr'>ul</span> 
     </span>
     <span class='ocr_line' id='line_1_9' title="bbox 330 1580 1477 1659; baseline -0.003 -18"><span class='ocrx_word' id='word_1_68' title='bbox 330 1581 491 1659; x_wconf 89' lang='lat' dir='ltr'>quiescat;</span> <span class='ocrx_word' id='word_1_69' title='bbox 502 1580 646 1652; x_wconf 85' lang='lat' dir='ltr'>tandem,</span> <span class='ocrx_word' id='word_1_70' title='bbox 662 1583 794 1658; x_wconf 89' lang='lat' dir='ltr'>peracto</span> <span class='ocrx_word' id='word_1_71' title='bbox 807 1580 913 1656; x_wconf 91' lang='lat' dir='ltr'>aliquo</span> <span class='ocrx_word' id='word_1_72' title='bbox 924 1584 1083 1658; x_wconf 90' lang='lat' dir='ltr'>tempore,</span> <span class='ocrx_word' id='word_1_73' title='bbox 1098 1581 1308 1659; x_wconf 87' lang='lat' dir='ltr'>experiuntur</span> <span class='ocrx_word' id='word_1_74' title='bbox 1323 1596 1397 1639; x_wconf 94' lang='lat' dir='ltr'>num</span> <span class='ocrx_word' id='word_1_75' title='bbox 1410 1580 1477 1638; x_wconf 88' lang='lat' dir='ltr'>lixi·</span> 
     </span>
     <span class='ocr_line' id='line_1_10' title="bbox 333 1677 1477 1758; baseline 0.001 -19"><span class='ocrx_word' id='word_1_76' title='bbox 333 1682 420 1741; x_wconf 92' lang='lat' dir='ltr'>vium</span> <span class='ocrx_word' id='word_1_77' title='bbox 452 1681 532 1740; x_wconf 90' lang='lat' dir='ltr'>satis</span> <span class='ocrx_word' id='word_1_78' title='bbox 562 1678 646 1740; x_wconf 86' lang='lat' dir='ltr'>forte</span> <span class='ocrx_word' id='word_1_79' title='bbox 677 1679 729 1754; x_wconf 89' lang='lat' dir='ltr'>sit,</span> <span class='ocrx_word' id='word_1_80' title='bbox 761 1696 817 1758; x_wconf 90' lang='lat' dir='ltr'>per</span> <span class='ocrx_word' id='word_1_81' title='bbox 848 1677 988 1740; x_wconf 90' lang='lat' dir='ltr'>frustum</span> <span class='ocrx_word' id='word_1_82' title='bbox 1013 1681 1153 1741; x_wconf 91' lang='lat' dir='ltr'>salinum</span> <span class='ocrx_word' id='word_1_83' title='bbox 1177 1681 1208 1740; x_wconf 95' lang='lat' dir='ltr'>in</span> <span class='ocrx_word' id='word_1_84' title='bbox 1233 1681 1376 1740; x_wconf 89' lang='lat' dir='ltr'>lixivium</span> <span class='ocrx_word' id='word_1_85' title='bbox 1401 1679 1477 1740; x_wconf 93' lang='lat' dir='ltr'>illud</span> 
     </span>
     <span class='ocr_line' id='line_1_11' title="bbox 331 1779 1479 1859; baseline -0.002 -17"><span class='ocrx_word' id='word_1_86' title='bbox 331 1782 508 1859; x_wconf 88' lang='lat' dir='ltr'>injectum;</span> <span class='ocrx_word' id='word_1_87' title='bbox 524 1781 550 1840; x_wconf 93' lang='lat' dir='ltr'>si</span> <span class='ocrx_word' id='word_1_88' title='bbox 572 1779 759 1839; x_wconf 84' lang='lat' dir='ltr'>corrodatur</span> <span class='ocrx_word' id='word_1_89' title='bbox 782 1786 815 1840; x_wconf 90' lang='lat' dir='ltr'>et</span> <span class='ocrx_word' id='word_1_90' title='bbox 831 1780 1029 1840; x_wconf 83' lang='lat' dir='ltr'>diminuatur</span> <span class='ocrx_word' id='word_1_91' title='bbox 1052 1781 1191 1859; x_wconf 90' lang='lat' dir='ltr'>amplius</span> <span class='ocrx_word' id='word_1_92' title='bbox 1205 1782 1266 1856; x_wconf 91' lang='lat' dir='ltr'>sal,</span> <span class='ocrx_word' id='word_1_93' title='bbox 1284 1780 1410 1858; x_wconf 84' lang='lat' dir='ltr'>signum</span> <span class='ocrx_word' id='word_1_94' title='bbox 1428 1785 1479 1840; x_wconf 88' lang='lat' dir='ltr'>est</span> 
     </span>
     <span class='ocr_line' id='line_1_12' title="bbox 332 1880 1477 1962; baseline -0.003 -18"><span class='ocrx_word' id='word_1_95' title='bbox 332 1882 530 1962; x_wconf 91' lang='lat' dir='ltr'>quodadbuc</span> <span class='ocrx_word' id='word_1_96' title='bbox 546 1899 608 1943; x_wconf 96' lang='lat' dir='ltr'>non</span> <span class='ocrx_word' id='word_1_97' title='bbox 621 1880 792 1941; x_wconf 88' lang='lat' dir='ltr'>satisforte</span> <span class='ocrx_word' id='word_1_98' title='bbox 810 1882 862 1956; x_wconf 87' lang='lat' dir='ltr'>sil,</span> <span class='ocrx_word' id='word_1_99' title='bbox 877 1886 910 1942; x_wconf 86' lang='lat' dir='ltr'>et</span> <span class='ocrx_word' id='word_1_100' title='bbox 923 1881 1008 1957; x_wconf 92' lang='lat' dir='ltr'>quod</span> <span class='ocrx_word' id='word_1_101' title='bbox 1022 1883 1126 1942; x_wconf 90' lang='lat' dir='ltr'>adbuc</span> <span class='ocrx_word' id='word_1_102' title='bbox 1138 1882 1248 1942; x_wconf 90' lang='lat' dir='ltr'>imbibi</span> <span class='ocrx_word' id='word_1_103' title='bbox 1261 1882 1477 1960; x_wconf 90' lang='lat' dir='ltr'>ampliuspos·</span> 
     </span>
     <span class='ocr_line' id='line_1_13' title="bbox 333 1969 1479 2061; baseline -0.003 -16"><span class='ocrx_word' id='word_1_104' title='bbox 333 1986 385 2058; x_wconf 87' lang='lat' dir='ltr'>sit,</span> <span class='ocrx_word' id='word_1_105' title='bbox 405 1983 478 2044; x_wconf 88' lang='lat' dir='ltr'>binc</span> <span class='ocrx_word' id='word_1_106' title='bbox 501 1999 557 2060; x_wconf 89' lang='lat' dir='ltr'>per</span> <span class='ocrx_word' id='word_1_107' title='bbox 581 1981 708 2058; x_wconf 79' lang='lat' dir='ltr'>aliquod</span> <span class='ocrx_word' id='word_1_108' title='bbox 733 1985 863 2059; x_wconf 89' lang='lat' dir='ltr'>tempus</span> <span class='ocrx_word' id='word_1_109' title='bbox 886 1981 990 2042; x_wconf 88' lang='lat' dir='ltr'>adbuc</span> <span class='ocrx_word' id='word_1_110' title='bbox 1016 1983 1217 2060; x_wconf 84' lang='lat' dir='ltr'>relinquitur,</span> <span class='ocrx_word' id='word_1_111' title='bbox 1242 1982 1316 2043; x_wconf 92' lang='lat' dir='ltr'>dum</span> <span class='ocrx_word' id='word_1_112' title='bbox 1331 1969 1479 2061; x_wconf 60' lang='lat' dir='ltr'>&#39;experiri</span> 
     </span>
     <span class='ocr_line' id='line_1_14' title="bbox 334 2081 1480 2161; baseline -0.004 -16"><span class='ocrx_word' id='word_1_113' title='bbox 334 2085 420 2160; x_wconf 85' lang='lat' dir='ltr'>licet,</span> <span class='ocrx_word' id='word_1_114' title='bbox 437 2083 521 2160; x_wconf 91' lang='lat' dir='ltr'>quod</span> <span class='ocrx_word' id='word_1_115' title='bbox 539 2083 736 2142; x_wconf 91' lang='lat' dir='ltr'>nullomodo</span> <span class='ocrx_word' id='word_1_116' title='bbox 754 2082 893 2158; x_wconf 91' lang='lat' dir='ltr'>amplius</span> <span class='ocrx_word' id='word_1_117' title='bbox 916 2082 1019 2161; x_wconf 85' lang='lat' dir='ltr'>possit</span> <span class='ocrx_word' id='word_1_118' title='bbox 1034 2083 1214 2143; x_wconf 88' lang='lat' dir='ltr'>diminuere</span> <span class='ocrx_word' id='word_1_119' title='bbox 1237 2081 1377 2143; x_wconf 91' lang='lat' dir='ltr'>frustum</span> <span class='ocrx_word' id='word_1_120' title='bbox 1402 2083 1480 2142; x_wconf 89' lang='lat' dir='ltr'>salis</span> 
     </span>
     <span class='ocr_line' id='line_1_15' title="bbox 332 2186 501 2263; baseline 0 -18"><span class='ocrx_word' id='word_1_121' title='bbox 332 2186 501 2263; x_wconf 88' lang='lat' dir='ltr'>injectum.</span> 
     </span>
    </p>

    <p class='ocr_par' dir='ltr' id='par_1_4' title="bbox 335 2281 1480 2667">
     <span class='ocr_line' id='line_1_16' title="bbox 378 2281 1478 2361; baseline -0.003 -16"><span class='ocrx_word' id='word_1_122' title='bbox 378 2281 541 2346; x_wconf 86' lang='lat' dir='ltr'>Praetere&#39;o</span> <span class='ocrx_word' id='word_1_123' title='bbox 584 2283 646 2343; x_wconf 90' lang='lat' dir='ltr'>alia</span> <span class='ocrx_word' id='word_1_124' title='bbox 683 2283 909 2361; x_wconf 89' lang='lat' dir='ltr'>experimenta</span> <span class='ocrx_word' id='word_1_125' title='bbox 946 2284 1101 2344; x_wconf 85' lang='lat' dir='ltr'>culinaria</span> <span class='ocrx_word' id='word_1_126' title='bbox 1138 2289 1171 2344; x_wconf 92' lang='lat' dir='ltr'>et</span> <span class='ocrx_word' id='word_1_127' title='bbox 1208 2283 1366 2361; x_wconf 86' lang='lat' dir='ltr'>vulgaria,</span> <span class='ocrx_word' id='word_1_128' title='bbox 1404 2284 1478 2360; x_wconf 91' lang='lat' dir='ltr'>quia</span> 
     </span>
     <span class='ocr_line' id='line_1_17' title="bbox 335 2379 1480 2463; baseline -0.003 -16"><span class='ocrx_word' id='word_1_129' title='bbox 335 2385 523 2447; x_wconf 90' lang='lat' dir='ltr'>exactitudo</span> <span class='ocrx_word' id='word_1_130' title='bbox 539 2379 753 2457; x_wconf 86' lang='lat' dir='ltr'>desideratur,</span> <span class='ocrx_word' id='word_1_131' title='bbox 777 2399 851 2459; x_wconf 90' lang='lat' dir='ltr'>quae</span> <span class='ocrx_word' id='word_1_132' title='bbox 877 2401 939 2444; x_wconf 95' lang='lat' dir='ltr'>non</span> <span class='ocrx_word' id='word_1_133' title='bbox 958 2385 1071 2443; x_wconf 87' lang='lat' dir='ltr'>baberi</span> <span class='ocrx_word' id='word_1_134' title='bbox 1095 2389 1204 2462; x_wconf 90' lang='lat' dir='ltr'>potest</span> <span class='ocrx_word' id='word_1_135' title='bbox 1228 2385 1287 2445; x_wconf 90' lang='lat' dir='ltr'>nisi</span> <span class='ocrx_word' id='word_1_136' title='bbox 1304 2401 1360 2463; x_wconf 91' lang='lat' dir='ltr'>per</span> <span class='ocrx_word' id='word_1_137' title='bbox 1383 2400 1480 2462; x_wconf 87' lang='lat' dir='ltr'>expe-</span> 
     </span>
     <span class='ocr_line' id='line_1_18' title="bbox 337 2483 1480 2562; baseline -0.004 -15"><span class='ocrx_word' id='word_1_138' title='bbox 337 2487 471 2548; x_wconf 90' lang='lat' dir='ltr'>rientias</span> <span class='ocrx_word' id='word_1_139' title='bbox 488 2487 678 2561; x_wconf 85' lang='lat' dir='ltr'>sequentes,</span> <span class='ocrx_word' id='word_1_140' title='bbox 696 2500 778 2560; x_wconf 91' lang='lat' dir='ltr'>quas</span> <span class='ocrx_word' id='word_1_141' title='bbox 795 2483 905 2543; x_wconf 92' lang='lat' dir='ltr'>ordine</span> <span class='ocrx_word' id='word_1_142' title='bbox 930 2485 1026 2543; x_wconf 91' lang='lat' dir='ltr'>velim</span> <span class='ocrx_word' id='word_1_143' title='bbox 1044 2485 1234 2562; x_wconf 89' lang='lat' dir='ltr'>producere,</span> <span class='ocrx_word' id='word_1_144' title='bbox 1259 2486 1340 2545; x_wconf 89' lang='lat' dir='ltr'>adeo</span> <span class='ocrx_word' id='word_1_145' title='bbox 1357 2489 1391 2544; x_wconf 92' lang='lat' dir='ltr'>ut</span> <span class='ocrx_word' id='word_1_146' title='bbox 1407 2485 1480 2561; x_wconf 85' lang='lat' dir='ltr'>eligi</span> 
     </span>
     <span class='ocr_line' id='line_1_19' title="bbox 336 2583 1033 2667; baseline -0.003 -18"><span class='ocrx_word' id='word_1_147' title='bbox 336 2587 439 2667; x_wconf 89' lang='lat' dir='ltr'>possit</span> <span class='ocrx_word' id='word_1_148' title='bbox 456 2587 582 2660; x_wconf 86' lang='lat' dir='ltr'>modus,</span> <span class='ocrx_word' id='word_1_149' title='bbox 599 2585 652 2661; x_wconf 91' lang='lat' dir='ltr'>qui</span> <span class='ocrx_word' id='word_1_150' title='bbox 669 2584 828 2646; x_wconf 90' lang='lat' dir='ltr'>desiderio</span> <span class='ocrx_word' id='word_1_151' title='bbox 844 2583 1033 2647; x_wconf 84' lang='lat' dir='ltr'>satisfaciat.</span> 
     </span>
    </p>

    <p class='ocr_par' dir='ltr' id='par_1_5' title="bbox 127 2685 1479 2765">
     <span class='ocr_line' id='line_1_20' title="bbox 127 2685 1479 2765; baseline 0.001 -21"><span class='ocrx_word' id='word_1_152' title='bbox 127 2706 266 2745; x_wconf 65' lang='lat' dir='ltr'>aerarium</span> <span class='ocrx_word' id='word_1_153' title='bbox 379 2704 407 2765; x_wconf 84' lang='lat'>3.</span> <span class='ocrx_word' id='word_1_154' title='bbox 454 2685 614 2764; x_wconf 86' lang='lat' dir='ltr'>Tempore</span> <span class='ocrx_word' id='word_1_155' title='bbox 638 2686 754 2744; x_wconf 88' lang='lat' dir='ltr'>aestivo</span> <span class='ocrx_word' id='word_1_156' title='bbox 777 2685 1021 2745; x_wconf 84' lang='lat' dir='ltr'>accuratissime</span> <span class='ocrx_word' id='word_1_157' title='bbox 1049 2686 1124 2746; x_wconf 87' lang='lat' dir='ltr'>licet</span> <span class='ocrx_word' id='word_1_158' title='bbox 1156 2688 1293 2757; x_wconf 87' lang='lat' dir='ltr'>experiri</span> <span class='ocrx_word' id='word_1_159' title='bbox 1320 2691 1479 2765; x_wconf 92' lang='lat' dir='ltr'>quantum</span> 
     </span>
    </p>

    <p class='ocr_par' dir='ltr' id='par_1_6' title="bbox 127 2755 1496 3468">
     <span class='ocr_line' id='line_1_21' title="bbox 127 2755 1480 2866; baseline -0.004 -15"><span class='ocrx_word' id='word_1_160' title='bbox 127 2755 228 2796; x_wconf 56' lang='lat' dir='ltr'>mmm</span> <span class='ocrx_word' id='word_1_161' title='bbox 272 2843 274 2848; x_wconf 88' lang='lat'><em>.</em></span> <span class='ocrx_word' id='word_1_162' title='bbox 335 2787 506 2850; x_wconf 87' lang='lat' dir='ltr'>salisinsit</span> <span class='ocrx_word' id='word_1_163' title='bbox 521 2803 615 2864; x_wconf 82' lang='lat' dir='ltr'>aquae</span> <span class='ocrx_word' id='word_1_164' title='bbox 638 2785 678 2844; x_wconf 89' lang='lat' dir='ltr'>ad</span> <span class='ocrx_word' id='word_1_165' title='bbox 695 2786 929 2863; x_wconf 88' lang='lat' dir='ltr'>experientiam</span> <span class='ocrx_word' id='word_1_166' title='bbox 947 2787 1117 2865; x_wconf 88' lang='lat' dir='ltr'>expositae.</span> <span class='ocrx_word' id='word_1_167' title='bbox 1164 2786 1196 2847; x_wconf 95' lang='lat' dir='ltr'>ln</span> <span class='ocrx_word' id='word_1_168' title='bbox 1214 2789 1282 2848; x_wconf 90' lang='lat' dir='ltr'>loco</span> <span class='ocrx_word' id='word_1_169' title='bbox 1299 2788 1405 2866; x_wconf 84' lang='lat' dir='ltr'>aprico</span> <span class='ocrx_word' id='word_1_170' title='bbox 1428 2788 1480 2848; x_wconf 87' lang='lat' dir='ltr'>vel</span> 
     </span>
     <span class='ocr_line' id='line_1_22' title="bbox 335 2886 1481 2965; baseline -0.003 -14"><span class='ocrx_word' id='word_1_171' title='bbox 335 2893 366 2951; x_wconf 95' lang='lat' dir='ltr'>in</span> <span class='ocrx_word' id='word_1_172' title='bbox 383 2889 529 2949; x_wconf 85' lang='lat' dir='ltr'>fenestra</span> <span class='ocrx_word' id='word_1_173' title='bbox 547 2891 603 2946; x_wconf 89' lang='lat' dir='ltr'>tua</span> <span class='ocrx_word' id='word_1_174' title='bbox 620 2887 659 2945; x_wconf 89' lang='lat' dir='ltr'>ad</span> <span class='ocrx_word' id='word_1_175' title='bbox 677 2886 841 2946; x_wconf 90' lang='lat' dir='ltr'>meridiem</span> <span class='ocrx_word' id='word_1_176' title='bbox 853 2891 1011 2963; x_wconf 85' lang='lat' dir='ltr'>vergente</span> <span class='ocrx_word' id='word_1_177' title='bbox 1025 2903 1152 2964; x_wconf 88' lang='lat' dir='ltr'>appone</span> <span class='ocrx_word' id='word_1_178' title='bbox 1169 2889 1288 2948; x_wconf 87' lang='lat' dir='ltr'>vitrum</span> <span class='ocrx_word' id='word_1_179' title='bbox 1299 2889 1481 2965; x_wconf 90' lang='lat' dir='ltr'>quoddam;</span> 
     </span>
     <span class='ocr_line' id='line_1_23' title="bbox 335 2985 1482 3069; baseline -0.003 -17"><span class='ocrx_word' id='word_1_180' title='bbox 335 2991 491 3069; x_wconf 92' lang='lat' dir='ltr'>optimum</span> <span class='ocrx_word' id='word_1_181' title='bbox 515 2988 574 3048; x_wconf 90' lang='lat' dir='ltr'>erit</span> <span class='ocrx_word' id='word_1_182' title='bbox 603 2988 628 3046; x_wconf 92' lang='lat' dir='ltr'>si</span> <span class='ocrx_word' id='word_1_183' title='bbox 652 2985 807 3048; x_wconf 85' lang='lat' dir='ltr'>orificium</span> <span class='ocrx_word' id='word_1_184' title='bbox 832 2987 875 3047; x_wconf 91' lang='lat' dir='ltr'>sit</span> <span class='ocrx_word' id='word_1_185' title='bbox 890 2987 1046 3064; x_wconf 86' lang='lat' dir='ltr'>amplum,</span> <span class='ocrx_word' id='word_1_186' title='bbox 1071 2987 1145 3048; x_wconf 91' lang='lat' dir='ltr'>inde</span> <span class='ocrx_word' id='word_1_187' title='bbox 1169 2989 1315 3065; x_wconf 90' lang='lat' dir='ltr'>sequitur</span> <span class='ocrx_word' id='word_1_188' title='bbox 1337 2989 1421 3065; x_wconf 93' lang='lat' dir='ltr'>quod</span> <span class='ocrx_word' id='word_1_189' title='bbox 1444 3005 1482 3048; x_wconf 94' lang='lat' dir='ltr'>eo</span> 
     </span>
     <span class='ocr_line' id='line_1_24' title="bbox 336 3071 1496 3168; baseline -0.003 -16"><span class='ocrx_word' id='word_1_190' title='bbox 336 3091 430 3152; x_wconf 88' lang='lat' dir='ltr'>citius</span> <span class='ocrx_word' id='word_1_191' title='bbox 452 3090 554 3168; x_wconf 89' lang='lat' dir='ltr'>possit</span> <span class='ocrx_word' id='word_1_192' title='bbox 579 3087 761 3166; x_wconf 90' lang='lat' dir='ltr'>evaporari,</span> <span class='ocrx_word' id='word_1_193' title='bbox 789 3103 862 3146; x_wconf 90' lang='lat' dir='ltr'>nam</span> <span class='ocrx_word' id='word_1_194' title='bbox 882 3088 982 3165; x_wconf 91' lang='lat' dir='ltr'>major</span> <span class='ocrx_word' id='word_1_195' title='bbox 1008 3088 1167 3149; x_wconf 91' lang='lat' dir='ltr'>radiorum</span> <span class='ocrx_word' id='word_1_196' title='bbox 1192 3093 1225 3148; x_wconf 92' lang='lat' dir='ltr'>et</span> <span class='ocrx_word' id='word_1_197' title='bbox 1251 3089 1365 3149; x_wconf 87' lang='lat' dir='ltr'>caloris</span> <span class='ocrx_word' id='word_1_198' title='bbox 1391 3071 1496 3167; x_wconf 88' lang='lat' dir='ltr'>copia</span> 
     </span>
     <span class='ocr_line' id='line_1_25' title="bbox 335 3187 1481 3270; baseline -0.003 -17"><span class='ocrx_word' id='word_1_199' title='bbox 335 3194 366 3253; x_wconf 94' lang='lat' dir='ltr'>in</span> <span class='ocrx_word' id='word_1_200' title='bbox 384 3188 588 3270; x_wconf 82' lang='lat' dir='ltr'>superficiem</span> <span class='ocrx_word' id='word_1_201' title='bbox 604 3188 743 3264; x_wconf 83' lang='lat' dir='ltr'>stringit,</span> <span class='ocrx_word' id='word_1_202' title='bbox 758 3191 791 3246; x_wconf 91' lang='lat' dir='ltr'>et</span> <span class='ocrx_word' id='word_1_203' title='bbox 808 3187 1035 3248; x_wconf 88' lang='lat' dir='ltr'>humiditatem</span> <span class='ocrx_word' id='word_1_204' title='bbox 1052 3189 1250 3270; x_wconf 87' lang='lat' dir='ltr'>superfluam</span> <span class='ocrx_word' id='word_1_205' title='bbox 1268 3190 1415 3268; x_wconf 90' lang='lat' dir='ltr'>expellit;</span> <span class='ocrx_word' id='word_1_206' title='bbox 1428 3206 1481 3267; x_wconf 90' lang='lat' dir='ltr'>pe·</span> 
     </span>
     <span class='ocr_line' id='line_1_26' title="bbox 336 3287 1481 3367; baseline -0.005 -13"><span class='ocrx_word' id='word_1_207' title='bbox 336 3298 425 3354; x_wconf 88' lang='lat' dir='ltr'>racto</span> <span class='ocrx_word' id='word_1_208' title='bbox 443 3292 549 3367; x_wconf 92' lang='lat' dir='ltr'>aliquo</span> <span class='ocrx_word' id='word_1_209' title='bbox 572 3294 731 3366; x_wconf 90' lang='lat' dir='ltr'>tempore,</span> <span class='ocrx_word' id='word_1_210' title='bbox 750 3287 854 3347; x_wconf 92' lang='lat' dir='ltr'>omnis</span> <span class='ocrx_word' id='word_1_211' title='bbox 871 3305 955 3363; x_wconf 87' lang='lat' dir='ltr'>aqua</span> <span class='ocrx_word' id='word_1_212' title='bbox 971 3305 1027 3365; x_wconf 90' lang='lat' dir='ltr'>per</span> <span class='ocrx_word' id='word_1_213' title='bbox 1043 3291 1144 3351; x_wconf 89' lang='lat' dir='ltr'>solem</span> <span class='ocrx_word' id='word_1_214' title='bbox 1162 3291 1213 3350; x_wconf 94' lang='lat' dir='ltr'>vel</span> <span class='ocrx_word' id='word_1_215' title='bbox 1231 3291 1370 3350; x_wconf 88' lang='lat' dir='ltr'>calorem</span> <span class='ocrx_word' id='word_1_216' title='bbox 1395 3291 1481 3350; x_wconf 88' lang='lat' dir='ltr'>aesti-</span> 
     </span>
     <span class='ocr_line' id='line_1_27' title="bbox 336 3389 1258 3468; baseline -0.001 -16"><span class='ocrx_word' id='word_1_217' title='bbox 336 3411 413 3455; x_wconf 93' lang='lat' dir='ltr'>vum</span> <span class='ocrx_word' id='word_1_218' title='bbox 433 3389 605 3468; x_wconf 90' lang='lat' dir='ltr'>expellitur</span> <span class='ocrx_word' id='word_1_219' title='bbox 622 3393 655 3447; x_wconf 91' lang='lat' dir='ltr'>et</span> <span class='ocrx_word' id='word_1_220' title='bbox 672 3393 823 3447; x_wconf 88' lang='lat' dir='ltr'>remanet</span> <span class='ocrx_word' id='word_1_221' title='bbox 839 3389 884 3447; x_wconf 91' lang='lat' dir='ltr'>sal</span> <span class='ocrx_word' id='word_1_222' title='bbox 903 3389 934 3448; x_wconf 94' lang='lat' dir='ltr'>in</span> <span class='ocrx_word' id='word_1_223' title='bbox 951 3406 1035 3466; x_wconf 90' lang='lat' dir='ltr'>aqua</span> <span class='ocrx_word' id='word_1_224' title='bbox 1053 3394 1258 3452; x_wconf 88' lang='lat' dir='ltr'>contentum.</span> 
     </span>
    </p>

    <p class='ocr_par' dir='ltr' id='par_1_7' title="bbox 336 3481 1483 3872">
     <span class='ocr_line' id='line_1_28' title="bbox 364 3481 1483 3568; baseline -0.002 -15"><span class='ocrx_word' id='word_1_225' title='bbox 364 3481 410 3554; x_wconf 81' lang='lat' dir='ltr'>¹Si</span> <span class='ocrx_word' id='word_1_226' title='bbox 442 3508 520 3551; x_wconf 91' lang='lat' dir='ltr'>vero</span> <span class='ocrx_word' id='word_1_227' title='bbox 544 3491 662 3549; x_wconf 91' lang='lat' dir='ltr'>vitrum</span> <span class='ocrx_word' id='word_1_228' title='bbox 688 3489 729 3548; x_wconf 90' lang='lat' dir='ltr'>sit</span> <span class='ocrx_word' id='word_1_229' title='bbox 753 3488 884 3547; x_wconf 91' lang='lat' dir='ltr'>minoris</span> <span class='ocrx_word' id='word_1_230' title='bbox 914 3487 1035 3565; x_wconf 85' lang='lat' dir='ltr'>orificii,</span> <span class='ocrx_word' id='word_1_231' title='bbox 1060 3495 1236 3551; x_wconf 85' lang='lat' dir='ltr'>structurae</span> <span class='ocrx_word' id='word_1_232' title='bbox 1265 3492 1420 3568; x_wconf 85' lang='lat' dir='ltr'>vulgaris,</span> <span class='ocrx_word' id='word_1_233' title='bbox 1450 3496 1483 3551; x_wconf 89' lang='lat' dir='ltr'>et</span> 
     </span>
     <span class='ocr_line' id='line_1_29' title="bbox 336 3581 1482 3671; baseline -0.004 -16"><span class='ocrx_word' id='word_1_234' title='bbox 336 3581 508 3671; x_wconf 88' lang='lat' dir='ltr'>impleatur</span> <span class='ocrx_word' id='word_1_235' title='bbox 523 3607 606 3667; x_wconf 89' lang='lat' dir='ltr'>aqua</span> <span class='ocrx_word' id='word_1_236' title='bbox 620 3588 735 3662; x_wconf 86' lang='lat' dir='ltr'>salina,</span> <span class='ocrx_word' id='word_1_237' title='bbox 747 3592 779 3646; x_wconf 92' lang='lat' dir='ltr'>et</span> <span class='ocrx_word' id='word_1_238' title='bbox 791 3594 977 3665; x_wconf 88' lang='lat' dir='ltr'>reponatur,</span> <span class='ocrx_word' id='word_1_239' title='bbox 992 3595 1027 3650; x_wconf 93' lang='lat' dir='ltr'>ut</span> <span class='ocrx_word' id='word_1_240' title='bbox 1037 3591 1102 3668; x_wconf 76' lang='lat' dir='ltr'>jam</span> <span class='ocrx_word' id='word_1_241' title='bbox 1118 3591 1285 3651; x_wconf 75' lang='lat' dir='ltr'>edoctum²</span> <span class='ocrx_word' id='word_1_242' title='bbox 1298 3596 1361 3666; x_wconf 91' lang='lat' dir='ltr'>esf,</span> <span class='ocrx_word' id='word_1_243' title='bbox 1379 3591 1419 3650; x_wconf 88' lang='lat' dir='ltr'>ad</span> <span class='ocrx_word' id='word_1_244' title='bbox 1433 3609 1482 3651; x_wconf 92' lang='lat' dir='ltr'>so·</span> 
     </span>
     <span class='ocr_line' id='line_1_30' title="bbox 337 3688 1483 3769; baseline -0.004 -14"><span class='ocrx_word' id='word_1_245' title='bbox 337 3697 412 3768; x_wconf 91' lang='lat' dir='ltr'>lern,</span> <span class='ocrx_word' id='word_1_246' title='bbox 431 3690 604 3769; x_wconf 88' lang='lat' dir='ltr'>expellitur</span> <span class='ocrx_word' id='word_1_247' title='bbox 628 3688 758 3766; x_wconf 92' lang='lat' dir='ltr'>quidem</span> <span class='ocrx_word' id='word_1_248' title='bbox 775 3705 859 3764; x_wconf 90' lang='lat' dir='ltr'>aqua</span> <span class='ocrx_word' id='word_1_249' title='bbox 876 3694 909 3749; x_wconf 92' lang='lat' dir='ltr'>et</span> <span class='ocrx_word' id='word_1_250' title='bbox 926 3696 1074 3750; x_wconf 92' lang='lat' dir='ltr'>remanet</span> <span class='ocrx_word' id='word_1_251' title='bbox 1097 3693 1156 3766; x_wconf 87' lang='lat' dir='ltr'>sal,</span> <span class='ocrx_word' id='word_1_252' title='bbox 1182 3691 1239 3752; x_wconf 87' lang='lat' dir='ltr'>sed</span> <span class='ocrx_word' id='word_1_253' title='bbox 1264 3689 1300 3752; x_wconf 86' lang='lat' dir='ltr'>fu</span> <span class='ocrx_word' id='word_1_254' title='bbox 1323 3693 1382 3753; x_wconf 83' lang='lat' dir='ltr'>boc</span> <span class='ocrx_word' id='word_1_255' title='bbox 1399 3692 1483 3752; x_wconf 91' lang='lat' dir='ltr'>intra</span> 
     </span>
     <span class='ocr_line' id='line_1_31' title="bbox 337 3789 782 3872; baseline -0.009 -18"><span class='ocrx_word' id='word_1_256' title='bbox 337 3795 443 3872; x_wconf 87' lang='lat' dir='ltr'>majus</span> <span class='ocrx_word' id='word_1_257' title='bbox 458 3791 613 3869; x_wconf 90' lang='lat' dir='ltr'>temporis</span> <span class='ocrx_word' id='word_1_258' title='bbox 629 3789 782 3867; x_wconf 90' lang='lat' dir='ltr'>spatium.</span> 
     </span>
    </p>

    <p class='ocr_par' dir='ltr' id='par_1_8' title="bbox 335 3890 1485 4577">
     <span class='ocr_line' id='line_1_32' title="bbox 380 3890 1483 3972; baseline -0.002 -18"><span class='ocrx_word' id='word_1_259' title='bbox 380 3895 507 3954; x_wconf 80' lang='lat' dir='ltr'>AEstate</span> <span class='ocrx_word' id='word_1_260' title='bbox 524 3890 666 3950; x_wconf 89' lang='lat' dir='ltr'>ineuntis</span> <span class='ocrx_word' id='word_1_261' title='bbox 682 3890 759 3949; x_wconf 91' lang='lat' dir='ltr'>anni</span> <span class='ocrx_word' id='word_1_262' title='bbox 782 3895 939 3967; x_wconf 88' lang='lat' dir='ltr'>expertus</span> <span class='ocrx_word' id='word_1_263' title='bbox 955 3907 1026 3950; x_wconf 92' lang='lat' dir='ltr'>sum</span> <span class='ocrx_word' id='word_1_264' title='bbox 1049 3908 1137 3970; x_wconf 88' lang='lat' dir='ltr'>saepe</span> <span class='ocrx_word' id='word_1_265' title='bbox 1160 3909 1215 3970; x_wconf 92' lang='lat' dir='ltr'>per</span> <span class='ocrx_word' id='word_1_266' title='bbox 1233 3895 1483 3972; x_wconf 88' lang='lat' dir='ltr'>evaporationes</span> 
     </span>
     <span class='ocr_line' id='line_1_33' title="bbox 336 3990 1482 4068; baseline -0.002 -13"><span class='ocrx_word' id='word_1_267' title='bbox 336 3997 420 4055; x_wconf 92' lang='lat' dir='ltr'>tales</span> <span class='ocrx_word' id='word_1_268' title='bbox 436 3995 561 4054; x_wconf 89' lang='lat' dir='ltr'>solares</span> <span class='ocrx_word' id='word_1_269' title='bbox 572 3990 790 4068; x_wconf 89' lang='lat' dir='ltr'>quantitatem</span> <span class='ocrx_word' id='word_1_270' title='bbox 803 3990 880 4049; x_wconf 88' lang='lat' dir='ltr'>salis</span> <span class='ocrx_word' id='word_1_271' title='bbox 892 3990 922 4049; x_wconf 96' lang='lat' dir='ltr'>in</span> <span class='ocrx_word' id='word_1_272' title='bbox 933 3993 1182 4067; x_wconf 89' lang='lat' dir='ltr'>aquacontenti,</span> <span class='ocrx_word' id='word_1_273' title='bbox 1198 3998 1232 4052; x_wconf 93' lang='lat' dir='ltr'>ut</span> <span class='ocrx_word' id='word_1_274' title='bbox 1243 3997 1287 4068; x_wconf 90' lang='lat' dir='ltr'>et,</span> <span class='ocrx_word' id='word_1_275' title='bbox 1302 3996 1433 4054; x_wconf 92' lang='lat' dir='ltr'>numsal</span> <span class='ocrx_word' id='word_1_276' title='bbox 1451 3994 1482 4053; x_wconf 92' lang='lat' dir='ltr'>in</span> 
     </span>
     <span class='ocr_line' id='line_1_34' title="bbox 336 4091 1483 4174; baseline -0.003 -17"><span class='ocrx_word' id='word_1_277' title='bbox 336 4114 420 4174; x_wconf 85' lang='lat' dir='ltr'>aqua</span> <span class='ocrx_word' id='word_1_278' title='bbox 437 4095 579 4155; x_wconf 88' lang='lat' dir='ltr'>solutum</span> <span class='ocrx_word' id='word_1_279' title='bbox 605 4091 797 4151; x_wconf 91' lang='lat' dir='ltr'>diminutum</span> <span class='ocrx_word' id='word_1_280' title='bbox 821 4091 873 4149; x_wconf 90' lang='lat' dir='ltr'>vel</span> <span class='ocrx_word' id='word_1_281' title='bbox 899 4095 1029 4151; x_wconf 91' lang='lat' dir='ltr'>auctum</span> <span class='ocrx_word' id='word_1_282' title='bbox 1054 4092 1126 4167; x_wconf 91' lang='lat' dir='ltr'>iret,</span> <span class='ocrx_word' id='word_1_283' title='bbox 1152 4097 1185 4151; x_wconf 88' lang='lat' dir='ltr'>ef</span> <span class='ocrx_word' id='word_1_284' title='bbox 1207 4095 1383 4154; x_wconf 87' lang='lat' dir='ltr'>observavi</span> <span class='ocrx_word' id='word_1_285' title='bbox 1398 4095 1483 4172; x_wconf 94' lang='lat' dir='ltr'>quod</span> 
     </span>
     <span class='ocr_line' id='line_1_35' title="bbox 336 4190 1484 4276; baseline -0.002 -18"><span class='ocrx_word' id='word_1_286' title='bbox 336 4197 480 4276; x_wconf 90' lang='lat' dir='ltr'>plerique</span> <span class='ocrx_word' id='word_1_287' title='bbox 498 4209 637 4272; x_wconf 88' lang='lat' dir='ltr'>vapores</span> <span class='ocrx_word' id='word_1_288' title='bbox 653 4191 745 4267; x_wconf 90' lang='lat' dir='ltr'>aquis</span> <span class='ocrx_word' id='word_1_289' title='bbox 768 4207 824 4269; x_wconf 90' lang='lat' dir='ltr'>per</span> <span class='ocrx_word' id='word_1_290' title='bbox 848 4190 951 4252; x_wconf 85' lang='lat' dir='ltr'>latera</span> <span class='ocrx_word' id='word_1_291' title='bbox 975 4193 1048 4252; x_wconf 90' lang='lat' dir='ltr'>vitri</span> <span class='ocrx_word' id='word_1_292' title='bbox 1072 4210 1200 4252; x_wconf 92' lang='lat' dir='ltr'>sursum</span> <span class='ocrx_word' id='word_1_293' title='bbox 1218 4196 1426 4274; x_wconf 89' lang='lat' dir='ltr'>obreperent,</span> <span class='ocrx_word' id='word_1_294' title='bbox 1452 4200 1484 4255; x_wconf 89' lang='lat' dir='ltr'>et</span> 
     </span>
     <span class='ocr_line' id='line_1_36' title="bbox 336 4291 1485 4377; baseline -0.002 -19"><span class='ocrx_word' id='word_1_295' title='bbox 336 4297 512 4377; x_wconf 86' lang='lat' dir='ltr'>particulas</span> <span class='ocrx_word' id='word_1_296' title='bbox 528 4294 649 4354; x_wconf 91' lang='lat' dir='ltr'>salinas</span> <span class='ocrx_word' id='word_1_297' title='bbox 667 4307 779 4352; x_wconf 88' lang='lat' dir='ltr'>secum</span> <span class='ocrx_word' id='word_1_298' title='bbox 797 4291 967 4353; x_wconf 89' lang='lat' dir='ltr'>traherent</span> <span class='ocrx_word' id='word_1_299' title='bbox 978 4313 985 4369; x_wconf 93' lang='lat'>;</span> <span class='ocrx_word' id='word_1_300' title='bbox 1009 4292 1096 4353; x_wconf 87' lang='lat' dir='ltr'>facta</span> <span class='ocrx_word' id='word_1_301' title='bbox 1112 4294 1197 4354; x_wconf 91' lang='lat' dir='ltr'>enim</span> <span class='ocrx_word' id='word_1_302' title='bbox 1215 4292 1276 4355; x_wconf 90' lang='lat' dir='ltr'>fuit</span> <span class='ocrx_word' id='word_1_303' title='bbox 1298 4297 1485 4375; x_wconf 87' lang='lat' dir='ltr'>chrystalli·</span> 
     </span>
     <span class='ocr_line' id='line_1_37' title="bbox 336 4392 1482 4484; baseline -0.002 -25"><span class='ocrx_word' id='word_1_304' title='bbox 336 4399 418 4484; x_wconf 72' lang='lat' dir='ltr'>satiq</span> <span class='ocrx_word' id='word_1_305' title='bbox 428 4395 578 4478; x_wconf 85' lang='lat' dir='ltr'>quaedam</span> <span class='ocrx_word' id='word_1_306' title='bbox 592 4393 669 4453; x_wconf 91' lang='lat' dir='ltr'>salis</span> <span class='ocrx_word' id='word_1_307' title='bbox 682 4393 801 4452; x_wconf 84' lang='lat' dir='ltr'>circum</span> <span class='ocrx_word' id='word_1_308' title='bbox 815 4392 923 4453; x_wconf 90' lang='lat' dir='ltr'>omnia</span> <span class='ocrx_word' id='word_1_309' title='bbox 935 4393 1007 4452; x_wconf 90' lang='lat' dir='ltr'>vitri</span> <span class='ocrx_word' id='word_1_310' title='bbox 1020 4395 1133 4465; x_wconf 90' lang='lat' dir='ltr'>latera,</span> <span class='ocrx_word' id='word_1_311' title='bbox 1147 4398 1180 4454; x_wconf 88' lang='lat' dir='ltr'>et</span> <span class='ocrx_word' id='word_1_312' title='bbox 1192 4395 1405 4456; x_wconf 88' lang='lat' dir='ltr'>observatum</span> <span class='ocrx_word' id='word_1_313' title='bbox 1419 4401 1482 4472; x_wconf 90' lang='lat' dir='ltr'>est,</span> 
     </span>
     <span class='ocr_line' id='line_1_38' title="bbox 335 4490 1483 4577; baseline -0.002 -19"><span class='ocrx_word' id='word_1_314' title='bbox 335 4493 684 4577; x_wconf 88' lang='lat' dir='ltr'>quodcbrystallisatio</span> <span class='ocrx_word' id='word_1_315' title='bbox 701 4492 837 4570; x_wconf 89' lang='lat' dir='ltr'>primum</span> <span class='ocrx_word' id='word_1_316' title='bbox 853 4490 949 4553; x_wconf 91' lang='lat' dir='ltr'>fuerit</span> <span class='ocrx_word' id='word_1_317' title='bbox 961 4492 1192 4570; x_wconf 88' lang='lat' dir='ltr'>confusa,dein</span> <span class='ocrx_word' id='word_1_318' title='bbox 1204 4495 1235 4555; x_wconf 95' lang='lat' dir='ltr'>in</span> <span class='ocrx_word' id='word_1_319' title='bbox 1249 4513 1349 4574; x_wconf 86' lang='lat' dir='ltr'>grana</span> <span class='ocrx_word' id='word_1_320' title='bbox 1360 4498 1483 4558; x_wconf 84' lang='lat' dir='ltr'>cubicae</span> 
     </span>
    </p>
   </div>
   <div class='ocr_carea' id='block_1_3' title="bbox 0 0 1776 5314">
    <p class='ocr_par' dir='ltr' id='par_1_9' title="bbox 0 0 1776 5314">
     <span class='ocr_line' id='line_1_39' title="bbox 0 0 1776 5314; baseline 0 0"><span class='ocrx_word' id='word_1_321' title='bbox 0 0 1776 5314; x_wconf 95' lang='lat' dir='ltr'> </span> 
     </span>
    </p>
   </div>
  </div>
 </body>
</html>
