3442 5302
448 675 700 738 PRAEPARA
714 675 792 738 TIO
815 674 1091 744 SALPETRAE
1311 685 1367 743 1²5

163 859 196 923 in
212 859 321 923 salem
338 857 519 936 paullatim
535 859 708 932 densatur,
730 858 788 934 qui
804 858 958 922 omnium
975 857 1178 928 albissimus,
1195 879 1235 920 ac
1250 858 1364 921 tenuis

162 961 195 1022 in
219 958 321 1022 lautis
345 959 472 1022 mensis
489 958 634 1034 eligitur.
684 959 736 1022 Ad
752 958 842 1021 viam
859 957 1052 1032 Aemiliam,
1072 958 1106 1021 in
1123 979 1205 1034 agro
1223 957 1365 1020 Placen-

161 1059 235 1124 tino
259 1060 370 1123 salsae
397 1059 569 1123 habentur
593 1061 742 1132 scrobes,
763 1081 780 1121 e
803 1059 926 1136 quibus
948 1059 1106 1123 similiter
1123 1059 1174 1122 sal
1192 1059 1269 1135 igne
1285 1081 1367 1122 con-

101 1169 102 1172 ’
162 1160 282 1226 ficitur.
332 1159 452 1222 Salsae
468 1159 552 1222 item
569 1181 680 1236 aquae
696 1159 730 1221 in
748 1159 875 1222 Piceno
891 1158 1028 1236 aliquae
1044 1167 1133 1235 sunt,
1150 1181 1217 1222 una
1232 1159 1266 1221 in
1283 1180 1366 1234 agro

161 1260 334 1333 Asculano
350 1261 394 1324 ad
411 1261 615 1323 Mozzanum
637 1281 763 1336 pagum
779 1259 888 1323 tribus
905 1254 1002 1323 mill.l
1018 1260 1184 1337 passibus
1205 1258 1314 1323 altera
1330 1259 1364 1322 in

162 1361 328 1424 Firmano
357 1362 421 1423 sub
452 1361 575 1423 Castro
604 1359 722 1423 Sancti
749 1360 881 1436 Angeli,
908 1359 989 1423 salis
1016 1382 1056 1423 ex
1082 1351 1228 1423 artificio
1250 1359 1366 1423 candi-

162 1460 291 1525 dissimi
314 1460 419 1524 ferax.
470 1459 626 1523 Salsulae
644 1481 782 1536 quoque
800 1460 1004 1536 perexiguus
1021 1468 1145 1538 puteus
1161 1469 1213 1523 est
1229 1460 1264 1522 in
1280 1481 1363 1535 agro

163 1559 324 1626 Urbinati
347 1561 391 1624 ad
407 1559 574 1638 oppidum
592 1559 710 1623 Sancti
728 1559 934 1635 Constantii,
954 1581 1044 1638 aqua
1061 1570 1180 1624 sancta
1196 1559 1366 1636 indigenis

164 1660 265 1724 dicta.

203 1760 394 1827 Castellum
420 1749 560 1824 'montis
600 1760 725 1836 Catini,
767 1763 860 1839 quod
896 1763 1032 1825 confine
1070 1771 1122 1826 est
1154 1761 1301 1825 Pistorio
1331 1761 1365 1825 in

162 1861 326 1926 Hetruria
338 1861 479 1938 oppido,
496 1861 702 1937 quibusdam
716 1861 814 1938 aquis
826 1860 1030 1936 celebratur,
1047 1883 1133 1938 quas
1147 1863 1364 1926 salmacidas

162 1983 180 2026 a
204 1982 329 2040 sapore
353 1961 611 2037 cognominant,
638 1971 672 2024 et
696 1971 768 2026 tam
792 1972 886 2039 potu,
914 1983 1018 2039 quam
1044 1962 1170 2026 balneo
1197 1961 1307 2035 utiles
1328 1970 1365 2025 ut

161 2061 243 2126 dicit
271 2060 449 2138 Ugoliuus,
499 2063 586 2126 Cum
612 2060 738 2139 elapsis
762 2063 976 2140 temporibus
1000 2062 1055 2125 hic
1082 2063 1234 2126 officinas
1260 2063 1367 2126 confi-

161 2161 291 2226 ciendis
316 2161 444 2224 salibus
471 2163 753 2236 construxissent,
782 2184 909 2240 easque
936 2184 1014 2226 cum
1041 2162 1175 2226 modica
1198 2161 1365 2226 densandi

161 2263 288 2326 virtute
311 2261 532 2338 reperissent,
551 2284 592 2326 ac
609 2263 721 2338 exigui
744 2263 887 2340 iru'ctus;
918 2263 961 2326 ad
984 2284 1083 2326 usum
1102 2262 1302 2326 balnearum
1326 2285 1366 2326 ae

162 2372 306 2440 potuum
333 2383 506 2438 recepere.
555 2363 643 2426 Sunt
671 2372 788 2426 autem
815 2362 984 2440 exquisite
1010 2362 1136 2436 salsae;
1169 2361 1365 2426 destillatae

162 2463 294 2536 exilem,
309 2461 596 2540 albissimumque
612 2462 720 2526 salem
737 2463 926 2540 deponunt.
968 2462 1078 2526 Multa
1091 2463 1244 2539 undique
1257 2483 1365 2540 prope

161 2563 275 2626 fontes
298 2562 497 2626 adnascitur
519 2562 734 2640 tamariscus,
755 2585 843 2639 quae
867 2571 961 2627 amat
978 2562 1131 2640 paludes
1152 2572 1186 2627 et
1203 2573 1365 2638 stagnan-

162 2670 213 2726 tes
228 2663 263 2726 id
278 2683 386 2738 genus
402 2683 510 2738 aquas
527 2662 569 2725 de
587 2672 710 2727 natura
726 2662 818 2726 salis.

203 2763 243 2826 In
266 2771 341 2826 tota
365 2763 518 2839 Europa,
537 2761 712 2826 invenitur
734 2783 803 2826 non
827 2743 1002 2839 pulchrius
1019 2784 1123 2840 quam
1138 2761 1174 2825 in
1190 2761 1366 2825 montibus
1473 2773 1475 2778 “

163 2860 434 2937 Gothoalanicis,
454 2861 556 2924 hodie
573 2861 843 2938 Cathalaunicis,
863 2862 955 2926 haud
972 2861 1090 2939 procul
1113 2863 1157 2926 ab
1180 2863 1263 2925 urbe
1281 2863 1364 2926 Bar·

162 2962 282 3026 celona
311 2961 346 3025 in
378 2961 558 3040 Hispania,
587 2962 633 3026 ibi
664 2983 763 3026 mons
793 2972 844 3026 est
872 2962 930 3040 qui
957 2963 1101 3039 praebet
1128 2961 1219 3026 hunc
1242 2961 1361 3026 salem.

163 3056 395 3126 Boerlzaven.*

203 3164 301 3228 Haec
324 3184 344 3226 a
372 3161 493 3236 Plinio,
520 3162 657 3238 Baceio,
686 3163 800 3227 Barba
824 3162 969 3240 aliisque
994 3160 1192 3226 auctoribus
1216 3161 1363 3227 collecta

161 3272 248 3339 sunt,
274 3263 336 3326 sed
361 3261 468 3326 multa
492 3260 649 3326 fabulosa
671 3262 760 3325 veris
786 3272 866 3326 sunt
891 3261 1087 3336 commixta,
1108 3282 1217 3339 usque
1242 3271 1360 3326 tamen

162 3361 218 3426 illa
234 3362 388 3439 proferre
404 3363 629 3439 supersedere
646 3383 793 3439 nequeo

201 4365 317 4434 *Hujus
329 4367 497 4434 paragraphi
510 4368 596 4419 verba
608 4367 643 4418 ad
656 4367 816 4433 marginem
827 4369 997 4436 autographi
1009 4368 1113 4435 scripta
1124 4368 1292 4430 sunt-Ep.
