3442 5302
371 645 682 708 REAGENTIAE
707 643 815 710 CUM
837 594 1225 736 SALE·COMMUNI
1337 659 1391 716 141

235 828 370 892 Solutio
387 828 492 892 etiam
515 828 596 892 salis
612 828 756 892 albescit
779 829 888 892 instar
913 828 1012 893 lactis
1029 837 1062 892 et
1079 828 1113 891 in
1137 827 1279 904 granula
1295 829 1393 905 quasi

199 929 281 1006 abit,
301 928 329 992 si
344 927 552 993 immittatur
563 923 597 992 'ei
614 928 740 992 solutio
756 928 909 992 sacchari
927 927 1077 992 Saturni.

235 1029 503 1106 Quodammodo
540 1029 645 1092 etiam
683 1037 794 1092 mutat
838 1028 989 1093 colorem
1026 1027 1208 1092 solutionis
1243 1027 1391 1092 victrioli
1437 1113 1440 1116 .

193 1129 327 1205 veneni,
346 1130 407 1193 sed
430 1129 632 1206 imperfecte
656 1130 857 1204 admodum,
877 1124 925 1191 ita
950 1137 986 1192 ut
1014 1127 1109 1192 color
1130 1127 1246 1192 viridis
1270 1115 1412 1192 solum-¹

203 1230 305 1296 modo
317 1238 478 1304 exsurgat
495 1228 598 1306 plane
613 1228 762 1294 dilutus..

236 1329 372 1394 Solutio
408 1329 594 1393 scoriarum
626 1327 734 1406 reguli
770 1327 953 1392 antimonii
982 1328 1136 1394 redditur
1165 1327 1305 1405 opalina
1334 1350 1395 1406 per

198 1429 406 1494 solutionem
422 1428 513 1506 salis.

239 1532 286 1594 Et
302 1529 429 1593 solutio
444 1529 579 1592 resinae
596 1529 771 1608 paulisper
785 1529 932 1592 crassior
946 1527 1157 1606 spissiorque
1174 1530 1222 1594 fit.

236 1631 390 1708 Syropus
406 1629 574 1693 violarum
590 1628 765 1694 tantillum
788 1629 972 1694 viridescit.

238 1730 297 1794 Sal
327 1750 510 1793 commune
538 1737 571 1792 et
598 1751 688 1806 aqua
714 1729 817 1792 calcis
838 1729 938 1793 vivae
960 1729 1066 1794 mixta
1094 1731 1131 1793 fit
1159 1729 1334 1808 diaphana
1360 1739 1394 1794 et

198 1852 319 1908 aquea.

237 1929 296 1994 Sal
320 1929 441 1994 tartari
462 1951 540 1993 cum
565 1928 737 1994 solutione
761 1929 842 2014 salius
868 1929 1048 2008 Hispanici
1072 1931 1111 1994 fit
1134 1930 1257 1994 coloris
1274 1929 1391 1994 nubili.

197 2031 323 2094 Putant
347 2029 453 2106 aliqui
475 2029 582 2094 salin
604 2051 695 2106 aqua
719 2030 764 2092 ad
786 2029 928 2094 fundum
953 2030 1173 2108 praecipitari
1197 2052 1257 2108 per
1280 2029 1395 2095 oleum

195 2129 326 2205 tartari,
346 2129 490 2194 albescit
507 2131 550 2194 ad
567 2130 747 2193 minimum
762 2128 889 2193 solutio
905 2128 986 2192 salis
1002 2152 1063 2208 per
1079 2131 1208 2194 dictum
1225 2130 1349 2194 oleum.

238 2231 274 2293 Si
305 2229 418 2294 oleum
450 2229 597 2294 victrioli
628 2229 794 2293 selectum
825 2229 1032 2294 immittatur
1061 2231 1094 2293 in
1122 2230 1172 2293 sal
1198 2252 1392 2304 commune,

198 2331 312 2395 existit
329 2329 491 2410 sibilatio,
511 2337 547 2394 ut
565 2337 599 2392 et
615 2329 716 2405 copia
732 2328 902 2393 bullarum
918 2335 953 2393 et
969 2351 1148 2407 vaporum.
1232 2327 1234 2332 ’

237 2429 331 2494 Α1155
347 2429 397 2492 551
413 2451 596 2494 commune
613 2451 677 2492 uec
693 2429 899 2506 praecipitat
915 2429 1015 2494 alcali
1031 2452 1095 2494 nec
1110 2430 1255 2497 acidum.

238 2531 297 2595 Sal
321 2551 505 2594 commune
530 2529 736 2606 praecipitat
760 2539 942 2604 argentum
966 2531 1011 2594 ad
1031 2530 1186 2606 fundum,
1205 2531 1233 2594 si
1257 2532 1291 2594 in
1307 2531 1397 2595 solu-

195 2630 327 2696 tionem
365 2631 437 2706 ejus
467 2629 688 2704 immittatur;
726 2628 854 2707 pariter
884 2630 913 2692 si
941 2629 976 2694 in
1006 2630 1151 2694 aliorum
1178 2630 1395 2694 metallorum

177 2718 386 2795 'solutiones
411 2730 581 2806 mittatur;
614 2728 857 2806 praecipitatio
881 2731 1052 2805 quaedam
1076 2731 1155 2794 inde
1172 2731 1289 2806 oritur,
1308 2731 1396 2794 adeo

197 2841 233 2896 ut
257 2831 364 2896 acidis
388 2830 468 2894 nitri
494 2839 528 2892 et
552 2851 663 2907 aquae
686 2829 785 2894 fortis
809 2829 940 2908 spicula
961 2851 1022 2894 sua
1037 2831 1182 2906 adimat;
1205 2838 1396 2895 commutat

198 2931 301 2995 etiam
326 2930 477 3017 colorem
502 2929 684 2996 solutionis
709 2931 834 2994 veneni
860 2929 895 2993 in
921 2931 1064 2994 viridem
1089 2939 1335 3006 aquescentem
1363 2939 1396 2994 et

197 3032 357 3096 debilem,

240 3132 299 3195 Sal
321 3151 504 3195 commune
520 3132 579 3194 dat
594 3129 757 3193 solutioni
773 3130 886 3194 iactae
903 3152 943 3194 ex
960 3129 1067 3206 reguli
1083 3130 1264 3194 antimonii
1279 3130 1398 3194 scoriis

197 3232 348 3296 colorem
366 3229 553 3308 opalinum.

240 3333 276 3395 Si
303 3332 458 3395 solvatur
483 3339 665 3406 argentum
692 3351 753 3407 per
774 3351 900 3406 aquam
925 3330 1061 3404 fortem,
1088 3338 1122 3394 et
1151 3330 1398 3408 praecipitetur

199 3453 260 3510 per
285 3431 336 3496 sal
362 3447 555 3504 commune,
576 3430 752 3494 obtinetur
777 3430 857 3494 inde
885 3432 984 3493 Luna
1010 3452 1148 3504 cornua,
1170 3453 1258 3508 quae
1286 3433 1398 3496 omnis

198 3533 330 3610 saporis
346 3538 397 3594 est
414 3551 546 3608 expers
562 3531 605 3594 de
622 3552 690 3606 qua
706 3530 853 3608 plurima
864 3530 942 3594 vide
957 3531 991 3595 in
1007 3539 1157 3595 tractatu
1173 3533 1215 3596 de
1231 3534 1394 3608 Argento.

240 3630 429 3696 Mercurius
444 3629 649 3694 sublimatus
665 3651 705 3692 ex
720 3629 792 3693 sale
807 3630 981 3694 communi
998 3651 1059 3708 per
1074 3630 1217 3708 sulphur
1228 3632 1398 3696 calcinato

198 3731 370 3810 nigrescit,
390 3731 469 3794 dein
486 3729 666 3807 paullatim
682 3730 834 3794 canescit
851 3739 885 3794 et
900 3730 1054 3794 albescit.

240 3833 277 3896 Si
301 3831 474 3910 pinguedo
498 3823 668 3906 quaedam
691 3829 772 3893 insit
794 3830 903 3907 55515,
923 3831 1038 3894 unitur
1054 3841 1088 3894 et
1104 3830 1306 3906 coagulatur
1320 3852 1397 3894 cum

196 3933 266 4008 1115,
286 3933 374 3996 adeo
390 3939 426 3994 ut
443 3930 558 3995 oleum
574 3930 628 3994 vel
645 3930 772 4008 pingue
788 3930 950 4007 conjungi
966 3941 1117 4008 nequeat
1133 3953 1210 3995 cum
1227 3953 1317 4008 aqua
1333 3931 1398 3996 nisi

198 4055 264 4111 ope
280 4032 361 4096 salis
376 4031 569 4096 communis
584 4030 638 4094 vel
654 4030 801 4095 alcalini.
850 4032 904 4094 Ex
919 4031 1164 4096 commixtione
1181 4031 1399 4108 pinguedinis

199 4144 233 4199 et
263 4132 344 4197 salis
373 4152 477 4209 sapor
507 4132 612 4194 etiam
639 4131 832 4207 conficitur;
865 4140 947 4194 tunc
973 4132 1185 4210 conjunctim
1211 4132 1397 4196 admodum

198 4232 397 4313 spumescit,
417 4232 504 4296 adeo
528 4240 565 4296 ut
589 4253 666 4296 cum
693 4231 727 4296 in
752 4251 892 4310 spumas
917 4232 1020 4295 abeat
1044 4230 1124 4294 salis
1146 4229 1272 4295 solutio
1294 4252 1398 4310 supra

198 4333 324 4411 ignem,
353 4332 387 4395 id
417 4331 554 4395 evenire
583 4331 718 4394 videtur
749 4351 790 4394 ex
816 4331 1060 4408 conjunctione
1088 4329 1230 4408 alicujus
1257 4330 1399 4409 pingue-

199 4435 298 4499 dinis,
