<?xml version="1.0" encoding="UTF-8"?>
<!DOCTYPE html PUBLIC "-//W3C//DTD XHTML 1.0 Transitional//EN"
    "http://www.w3.org/TR/xhtml1/DTD/xhtml1-transitional.dtd">
<html xmlns="http://www.w3.org/1999/xhtml" xml:lang="en" lang="en">
 <head>
  <title>
</title>
<meta http-equiv="Content-Type" content="text/html;charset=utf-8" />
  <meta name='ocr-system' content='tesseract 3.04.00' />
  <meta name='ocr-capabilities' content='ocr_page ocr_carea ocr_par ocr_line ocrx_word'/>
</head>
<body>
  <div class='ocr_page' id='page_1' title='image "./desalecommuniho00actogoog_0131.png"; bbox 0 0 3442 5302; ppageno 0'>
   <div class='ocr_carea' id='block_1_1' title="bbox 332 682 1118 766">
    <p class='ocr_par' dir='ltr' id='par_1_1' title="bbox 332 682 1118 766">
     <span class='ocr_line' id='line_1_1' title="bbox 332 682 1118 766; baseline 0 -16"><span class='ocrx_word' id='word_1_1' title='bbox 332 697 391 766; x_wconf 83' lang='lat'>104</span> <span class='ocrx_word' id='word_1_2' title='bbox 696 683 754 752; x_wconf 82' lang='lat' dir='ltr'>DE</span> <span class='ocrx_word' id='word_1_3' title='bbox 774 682 882 752; x_wconf 80' lang='lat' dir='ltr'><em>SALE</em></span> <span class='ocrx_word' id='word_1_4' title='bbox 903 682 1118 752; x_wconf 82' lang='lat' dir='ltr'><em>COMMUNI</em></span> 
     </span>
    </p>
   </div>
   <div class='ocr_carea' id='block_1_2' title="bbox 329 871 1489 3362">
    <p class='ocr_par' dir='ltr' id='par_1_2' title="bbox 329 871 1489 3362">
     <span class='ocr_line' id='line_1_2' title="bbox 329 871 1480 950; baseline -0.002 -17"><span class='ocrx_word' id='word_1_5' title='bbox 329 871 442 949; x_wconf 86' lang='lat' dir='ltr'>inlicit,</span> <span class='ocrx_word' id='word_1_6' title='bbox 459 888 556 950; x_wconf 93' lang='lat' dir='ltr'>quam</span> <span class='ocrx_word' id='word_1_7' title='bbox 572 889 646 933; x_wconf 91' lang='lat' dir='ltr'>cum</span> <span class='ocrx_word' id='word_1_8' title='bbox 659 871 1048 950; x_wconf 89' lang='lat' dir='ltr'>Sedlicenslconiectum;</span> <span class='ocrx_word' id='word_1_9' title='bbox 1064 871 1337 950; x_wconf 85' lang='lat' dir='ltr'>quemadmodum</span> <span class='ocrx_word' id='word_1_10' title='bbox 1350 888 1480 950; x_wconf 91' lang='lat' dir='ltr'>quoque</span> 
     </span>
     <span class='ocr_line' id='line_1_3' title="bbox 329 973 1478 1052; baseline -0.001 -19"><span class='ocrx_word' id='word_1_11' title='bbox 329 973 420 1050; x_wconf 92' lang='lat' dir='ltr'>illud,</span> <span class='ocrx_word' id='word_1_12' title='bbox 451 973 605 1034; x_wconf 87' lang='lat' dir='ltr'>admixtis</span> <span class='ocrx_word' id='word_1_13' title='bbox 634 973 758 1051; x_wconf 86' lang='lat' dir='ltr'>aliquot</span> <span class='ocrx_word' id='word_1_14' title='bbox 788 973 869 1034; x_wconf 89' lang='lat' dir='ltr'>acidi</span> <span class='ocrx_word' id='word_1_15' title='bbox 899 973 1047 1052; x_wconf 85' lang='lat' dir='ltr'>guttulis,</span> <span class='ocrx_word' id='word_1_16' title='bbox 1080 975 1139 1034; x_wconf 90' lang='lat' dir='ltr'>boc</span> <span class='ocrx_word' id='word_1_17' title='bbox 1173 973 1274 1034; x_wconf 91' lang='lat' dir='ltr'>multo</span> <span class='ocrx_word' id='word_1_18' title='bbox 1296 973 1478 1033; x_wconf 85' lang='lat' dir='ltr'>uberiorem</span> 
     </span>
     <span class='ocr_line' id='line_1_4' title="bbox 331 1073 1480 1152; baseline 0.001 -19"><span class='ocrx_word' id='word_1_19' title='bbox 331 1073 425 1134; x_wconf 93' lang='lat' dir='ltr'>lactis</span> <span class='ocrx_word' id='word_1_20' title='bbox 442 1074 608 1152; x_wconf 85' lang='lat' dir='ltr'>sulphuris</span> <span class='ocrx_word' id='word_1_21' title='bbox 622 1074 842 1152; x_wconf 82' lang='lat' dir='ltr'>quantitatem</span> <span class='ocrx_word' id='word_1_22' title='bbox 861 1074 1006 1137; x_wconf 86' lang='lat' dir='ltr'>exhibet.</span> <span class='ocrx_word' id='word_1_23' title='bbox 1053 1073 1234 1151; x_wconf 90' lang='lat' dir='ltr'>Utrumque</span> <span class='ocrx_word' id='word_1_24' title='bbox 1251 1073 1298 1134; x_wconf 91' lang='lat' dir='ltr'>sal</span> <span class='ocrx_word' id='word_1_25' title='bbox 1309 1090 1382 1134; x_wconf 90' lang='lat' dir='ltr'>curn</span> <span class='ocrx_word' id='word_1_26' title='bbox 1399 1073 1480 1134; x_wconf 93' lang='lat' dir='ltr'>vict·</span> 
     </span>
     <span class='ocr_line' id='line_1_5' title="bbox 331 1172 1481 1250; baseline 0.001 -16"><span class='ocrx_word' id='word_1_27' title='bbox 331 1174 408 1236; x_wconf 91' lang='lat' dir='ltr'>riolo</span> <span class='ocrx_word' id='word_1_28' title='bbox 432 1174 473 1234; x_wconf 89' lang='lat' dir='ltr'>ad</span> <span class='ocrx_word' id='word_1_29' title='bbox 490 1174 682 1235; x_wconf 89' lang='lat' dir='ltr'>rubedinem</span> <span class='ocrx_word' id='word_1_30' title='bbox 699 1174 860 1235; x_wconf 86' lang='lat' dir='ltr'>calcinato</span> <span class='ocrx_word' id='word_1_31' title='bbox 882 1175 1031 1250; x_wconf 90' lang='lat' dir='ltr'>mixtum,</span> <span class='ocrx_word' id='word_1_32' title='bbox 1055 1179 1089 1234; x_wconf 89' lang='lat' dir='ltr'>et</span> <span class='ocrx_word' id='word_1_33' title='bbox 1104 1174 1270 1235; x_wconf 87' lang='lat' dir='ltr'>crucibulo</span> <span class='ocrx_word' id='word_1_34' title='bbox 1286 1172 1481 1235; x_wconf 83' lang='lat' dir='ltr'>canderacro</span> 
     </span>
     <span class='ocr_line' id='line_1_6' title="bbox 332 1273 1481 1354; baseline -0.001 -19"><span class='ocrx_word' id='word_1_35' title='bbox 332 1273 529 1350; x_wconf 88' lang='lat' dir='ltr'>immissum,</span> <span class='ocrx_word' id='word_1_36' title='bbox 547 1290 702 1353; x_wconf 91' lang='lat' dir='ltr'>vaporem</span> <span class='ocrx_word' id='word_1_37' title='bbox 720 1274 822 1353; x_wconf 89' lang='lat' dir='ltr'>primo</span> <span class='ocrx_word' id='word_1_38' title='bbox 848 1275 967 1337; x_wconf 90' lang='lat' dir='ltr'>emittit</span> <span class='ocrx_word' id='word_1_39' title='bbox 988 1275 1042 1352; x_wconf 93' lang='lat' dir='ltr'>qui</span> <span class='ocrx_word' id='word_1_40' title='bbox 1066 1275 1192 1354; x_wconf 90' lang='lat' dir='ltr'>spiritui</span> <span class='ocrx_word' id='word_1_41' title='bbox 1214 1275 1293 1335; x_wconf 89' lang='lat' dir='ltr'>salis</span> <span class='ocrx_word' id='word_1_42' title='bbox 1317 1275 1403 1335; x_wconf 89' lang='lat' dir='ltr'>baud</span> <span class='ocrx_word' id='word_1_43' title='bbox 1425 1274 1481 1334; x_wconf 90' lang='lat' dir='ltr'>ab·</span> 
     </span>
     <span class='ocr_line' id='line_1_7' title="bbox 334 1375 1481 1454; baseline 0 -18"><span class='ocrx_word' id='word_1_44' title='bbox 334 1375 446 1438; x_wconf 93' lang='lat' dir='ltr'>similis</span> <span class='ocrx_word' id='word_1_45' title='bbox 463 1380 526 1451; x_wconf 89' lang='lat' dir='ltr'>est,</span> <span class='ocrx_word' id='word_1_46' title='bbox 543 1376 629 1435; x_wconf 91' lang='lat' dir='ltr'>bunc</span> <span class='ocrx_word' id='word_1_47' title='bbox 647 1391 737 1446; x_wconf 91' lang='lat' dir='ltr'>vero,</span> <span class='ocrx_word' id='word_1_48' title='bbox 757 1376 869 1454; x_wconf 89' lang='lat' dir='ltr'>elapso</span> <span class='ocrx_word' id='word_1_49' title='bbox 892 1375 1008 1453; x_wconf 86' lang='lat' dir='ltr'>exiguo</span> <span class='ocrx_word' id='word_1_50' title='bbox 1030 1375 1187 1454; x_wconf 91' lang='lat' dir='ltr'>temporis</span> <span class='ocrx_word' id='word_1_51' title='bbox 1208 1375 1325 1454; x_wconf 87' lang='lat' dir='ltr'>spatio,</span> <span class='ocrx_word' id='word_1_52' title='bbox 1349 1375 1481 1454; x_wconf 91' lang='lat' dir='ltr'>spiritus</span> 
     </span>
     <span class='ocr_line' id='line_1_8' title="bbox 334 1473 1482 1554; baseline -0.001 -18"><span class='ocrx_word' id='word_1_53' title='bbox 334 1476 452 1538; x_wconf 91' lang='lat' dir='ltr'>vitrioli</span> <span class='ocrx_word' id='word_1_54' title='bbox 468 1476 610 1537; x_wconf 90' lang='lat' dir='ltr'>volatilis</span> <span class='ocrx_word' id='word_1_55' title='bbox 626 1475 757 1554; x_wconf 89' lang='lat' dir='ltr'>excipit.</span> <span class='ocrx_word' id='word_1_56' title='bbox 804 1475 941 1553; x_wconf 84' lang='lat' dir='ltr'>Adjecto</span> <span class='ocrx_word' id='word_1_57' title='bbox 964 1476 1123 1536; x_wconf 90' lang='lat' dir='ltr'>violarum</span> <span class='ocrx_word' id='word_1_58' title='bbox 1146 1492 1279 1554; x_wconf 90' lang='lat' dir='ltr'>syrop0‚</span> <span class='ocrx_word' id='word_1_59' title='bbox 1302 1473 1482 1536; x_wconf 88' lang='lat' dir='ltr'>Sedlicensi</span> 
     </span>
     <span class='ocr_line' id='line_1_9' title="bbox 334 1575 1482 1655; baseline -0.001 -18"><span class='ocrx_word' id='word_1_60' title='bbox 334 1577 394 1638; x_wconf 91' lang='lat' dir='ltr'>sali</span> <span class='ocrx_word' id='word_1_61' title='bbox 410 1576 530 1648; x_wconf 90' lang='lat' dir='ltr'>viridis,</span> <span class='ocrx_word' id='word_1_62' title='bbox 551 1576 744 1655; x_wconf 86' lang='lat' dir='ltr'>Epsoniensi</span> <span class='ocrx_word' id='word_1_63' title='bbox 761 1592 839 1636; x_wconf 91' lang='lat' dir='ltr'>vero</span> <span class='ocrx_word' id='word_1_64' title='bbox 855 1578 1018 1637; x_wconf 88' lang='lat' dir='ltr'>coeruleus</span> <span class='ocrx_word' id='word_1_65' title='bbox 1036 1577 1123 1638; x_wconf 91' lang='lat' dir='ltr'>color</span> <span class='ocrx_word' id='word_1_66' title='bbox 1135 1575 1310 1636; x_wconf 91' lang='lat' dir='ltr'>inducitur.</span> <span class='ocrx_word' id='word_1_67' title='bbox 1358 1575 1482 1638; x_wconf 87' lang='lat' dir='ltr'>Utrius-</span> 
     </span>
     <span class='ocr_line' id='line_1_10' title="bbox 334 1675 1481 1756; baseline -0.002 -18"><span class='ocrx_word' id='word_1_68' title='bbox 334 1694 398 1755; x_wconf 90' lang='lat' dir='ltr'>que</span> <span class='ocrx_word' id='word_1_69' title='bbox 420 1676 538 1738; x_wconf 90' lang='lat' dir='ltr'>solutio</span> <span class='ocrx_word' id='word_1_70' title='bbox 562 1693 635 1736; x_wconf 92' lang='lat' dir='ltr'>cum</span> <span class='ocrx_word' id='word_1_71' title='bbox 663 1677 734 1738; x_wconf 91' lang='lat' dir='ltr'>oleo</span> <span class='ocrx_word' id='word_1_72' title='bbox 759 1677 872 1736; x_wconf 88' lang='lat' dir='ltr'>tartari</span> <span class='ocrx_word' id='word_1_73' title='bbox 894 1692 951 1756; x_wconf 93' lang='lat' dir='ltr'>per</span> <span class='ocrx_word' id='word_1_74' title='bbox 979 1675 1155 1755; x_wconf 88' lang='lat' dir='ltr'>deliquium</span> <span class='ocrx_word' id='word_1_75' title='bbox 1178 1676 1210 1736; x_wconf 93' lang='lat' dir='ltr'>in</span> <span class='ocrx_word' id='word_1_76' title='bbox 1235 1676 1317 1736; x_wconf 90' lang='lat' dir='ltr'>adeo</span> <span class='ocrx_word' id='word_1_77' title='bbox 1339 1677 1481 1755; x_wconf 90' lang='lat' dir='ltr'>spissum</span> 
     </span>
     <span class='ocr_line' id='line_1_11' title="bbox 335 1774 1481 1856; baseline -0.002 -18"><span class='ocrx_word' id='word_1_78' title='bbox 335 1779 506 1856; x_wconf 85' lang='lat' dir='ltr'>coagulum</span> <span class='ocrx_word' id='word_1_79' title='bbox 524 1776 604 1852; x_wconf 91' lang='lat' dir='ltr'>abit,</span> <span class='ocrx_word' id='word_1_80' title='bbox 623 1780 659 1837; x_wconf 94' lang='lat' dir='ltr'>ut</span> <span class='ocrx_word' id='word_1_81' title='bbox 674 1776 758 1837; x_wconf 89' lang='lat' dir='ltr'>vitro</span> <span class='ocrx_word' id='word_1_82' title='bbox 775 1776 906 1850; x_wconf 83' lang='lat' dir='ltr'>inverso</span> <span class='ocrx_word' id='word_1_83' title='bbox 924 1777 1000 1836; x_wconf 89' lang='lat' dir='ltr'>nibil</span> <span class='ocrx_word' id='word_1_84' title='bbox 1017 1775 1086 1838; x_wconf 86' lang='lat' dir='ltr'>iere</span> <span class='ocrx_word' id='word_1_85' title='bbox 1103 1774 1228 1853; x_wconf 82' lang='lat' dir='ltr'>effluat;</span> <span class='ocrx_word' id='word_1_86' title='bbox 1252 1777 1353 1855; x_wconf 86' lang='lat' dir='ltr'>maj0r</span> <span class='ocrx_word' id='word_1_87' title='bbox 1368 1781 1481 1837; x_wconf 84' lang='lat' dir='ltr'>tamen</span> 
     </span>
     <span class='ocr_line' id='line_1_12' title="bbox 335 1875 1482 1956; baseline -0.001 -18"><span class='ocrx_word' id='word_1_88' title='bbox 335 1877 572 1956; x_wconf 84' lang='lat' dir='ltr'>coagulationis</span> <span class='ocrx_word' id='word_1_89' title='bbox 601 1876 721 1955; x_wconf 86' lang='lat' dir='ltr'>gradus</span> <span class='ocrx_word' id='word_1_90' title='bbox 751 1876 783 1936; x_wconf 90' lang='lat' dir='ltr'>in</span> <span class='ocrx_word' id='word_1_91' title='bbox 806 1875 986 1937; x_wconf 89' lang='lat' dir='ltr'>Sedlicensi</span> <span class='ocrx_word' id='word_1_92' title='bbox 1013 1880 1221 1938; x_wconf 81' lang='lat' dir='ltr'>observatur.</span> <span class='ocrx_word' id='word_1_93' title='bbox 1268 1875 1340 1937; x_wconf 89' lang='lat' dir='ltr'>Pari</span> <span class='ocrx_word' id='word_1_94' title='bbox 1357 1877 1482 1937; x_wconf 89' lang='lat' dir='ltr'>ratione</span> 
     </span>
     <span class='ocr_line' id='line_1_13' title="bbox 336 1976 1482 2058; baseline -0.001 -19"><span class='ocrx_word' id='word_1_95' title='bbox 336 1995 393 2058; x_wconf 88' lang='lat' dir='ltr'>per</span> <span class='ocrx_word' id='word_1_96' title='bbox 409 1978 656 2039; x_wconf 89' lang='lat' dir='ltr'>instillationem</span> <span class='ocrx_word' id='word_1_97' title='bbox 674 1976 806 2055; x_wconf 89' lang='lat' dir='ltr'>spiritus</span> <span class='ocrx_word' id='word_1_98' title='bbox 824 1977 902 2037; x_wconf 91' lang='lat' dir='ltr'>salis</span> <span class='ocrx_word' id='word_1_99' title='bbox 925 1978 1133 2053; x_wconf 87' lang='lat' dir='ltr'>ammoniaci,</span> <span class='ocrx_word' id='word_1_100' title='bbox 1157 1979 1326 2055; x_wconf 89' lang='lat' dir='ltr'>utriusque</span> <span class='ocrx_word' id='word_1_101' title='bbox 1353 1977 1482 2053; x_wconf 89' lang='lat' dir='ltr'>solutio,</span> 
     </span>
     <span class='ocr_line' id='line_1_14' title="bbox 336 2077 1483 2157; baseline -0.001 -18"><span class='ocrx_word' id='word_1_102' title='bbox 336 2082 415 2139; x_wconf 90' lang='lat' dir='ltr'>ante</span> <span class='ocrx_word' id='word_1_103' title='bbox 446 2078 683 2157; x_wconf 90' lang='lat' dir='ltr'>limpidissima,</span> <span class='ocrx_word' id='word_1_104' title='bbox 723 2077 915 2138; x_wconf 89' lang='lat' dir='ltr'>turbulenta</span> <span class='ocrx_word' id='word_1_105' title='bbox 946 2077 1118 2137; x_wconf 91' lang='lat' dir='ltr'>admodum</span> <span class='ocrx_word' id='word_1_106' title='bbox 1152 2077 1274 2153; x_wconf 86' lang='lat' dir='ltr'>evadit,</span> <span class='ocrx_word' id='word_1_107' title='bbox 1307 2078 1483 2155; x_wconf 89' lang='lat' dir='ltr'>multisque</span> 
     </span>
     <span class='ocr_line' id='line_1_15' title="bbox 334 2177 1485 2256; baseline -0.001 -17"><span class='ocrx_word' id='word_1_108' title='bbox 334 2178 480 2239; x_wconf 83' lang='lat' dir='ltr'>ilocculis</span> <span class='ocrx_word' id='word_1_109' title='bbox 501 2177 716 2256; x_wconf 86' lang='lat' dir='ltr'>crassioribus</span> <span class='ocrx_word' id='word_1_110' title='bbox 732 2178 906 2256; x_wconf 90' lang='lat' dir='ltr'>conspicua</span> <span class='ocrx_word' id='word_1_111' title='bbox 924 2178 1076 2239; x_wconf 90' lang='lat' dir='ltr'>redditur.</span> <span class='ocrx_word' id='word_1_112' title='bbox 1102 2177 1173 2240; x_wconf 88' lang='lat' dir='ltr'>Una</span> <span class='ocrx_word' id='word_1_113' title='bbox 1190 2195 1285 2256; x_wconf 88' lang='lat' dir='ltr'>aquae</span> <span class='ocrx_word' id='word_1_114' title='bbox 1300 2178 1485 2239; x_wconf 91' lang='lat' dir='ltr'>communis</span> 
     </span>
     <span class='ocr_line' id='line_1_16' title="bbox 337 2259 1485 2358; baseline 0 -19"><span class='ocrx_word' id='word_1_115' title='bbox 337 2279 434 2339; x_wconf 87' lang='lat' dir='ltr'>uncia</span> <span class='ocrx_word' id='word_1_116' title='bbox 450 2279 607 2339; x_wconf 91' lang='lat' dir='ltr'>absorbet</span> <span class='ocrx_word' id='word_1_117' title='bbox 623 2279 701 2339; x_wconf 90' lang='lat' dir='ltr'>salis</span> <span class='ocrx_word' id='word_1_118' title='bbox 717 2277 917 2342; x_wconf 89' lang='lat' dir='ltr'>Sedlicensis</span> <span class='ocrx_word' id='word_1_119' title='bbox 934 2279 1061 2338; x_wconf 88' lang='lat' dir='ltr'>unciam</span> <span class='ocrx_word' id='word_1_120' title='bbox 1080 2295 1177 2338; x_wconf 91' lang='lat' dir='ltr'>unam</span> <span class='ocrx_word' id='word_1_121' title='bbox 1195 2259 1267 2338; x_wconf 79' lang='lat' dir='ltr'>curn</span> <span class='ocrx_word' id='word_1_122' title='bbox 1281 2280 1485 2358; x_wconf 78' lang='lat' dir='ltr'>ascrupulis;</span> 
     </span>
     <span class='ocr_line' id='line_1_17' title="bbox 337 2377 1486 2458; baseline -0.001 -19"><span class='ocrx_word' id='word_1_123' title='bbox 337 2379 541 2458; x_wconf 86' lang='lat' dir='ltr'>Epsoniense</span> <span class='ocrx_word' id='word_1_124' title='bbox 557 2396 636 2442; x_wconf 91' lang='lat' dir='ltr'>vero</span> <span class='ocrx_word' id='word_1_125' title='bbox 652 2396 745 2457; x_wconf 89' lang='lat' dir='ltr'>aequa</span> <span class='ocrx_word' id='word_1_126' title='bbox 758 2383 888 2440; x_wconf 90' lang='lat' dir='ltr'>tantum</span> <span class='ocrx_word' id='word_1_127' title='bbox 901 2379 1049 2458; x_wconf 89' lang='lat' dir='ltr'>portione</span> <span class='ocrx_word' id='word_1_128' title='bbox 1065 2379 1260 2442; x_wconf 86' lang='lat' dir='ltr'>absumitur.</span> <span class='ocrx_word' id='word_1_129' title='bbox 1305 2377 1486 2440; x_wconf 87' lang='lat' dir='ltr'>Saturatior</span> 
     </span>
     <span class='ocr_line' id='line_1_18' title="bbox 337 2479 1485 2558; baseline -0.002 -17"><span class='ocrx_word' id='word_1_130' title='bbox 337 2480 499 2558; x_wconf 88' lang='lat' dir='ltr'>ejusmodi</span> <span class='ocrx_word' id='word_1_131' title='bbox 515 2480 593 2540; x_wconf 91' lang='lat' dir='ltr'>salis</span> <span class='ocrx_word' id='word_1_132' title='bbox 620 2479 818 2541; x_wconf 88' lang='lat' dir='ltr'>Sedlicensis</span> <span class='ocrx_word' id='word_1_133' title='bbox 845 2480 964 2540; x_wconf 91' lang='lat' dir='ltr'>solutio</span> <span class='ocrx_word' id='word_1_134' title='bbox 988 2479 1138 2539; x_wconf 89' lang='lat' dir='ltr'>citrinum</span> <span class='ocrx_word' id='word_1_135' title='bbox 1166 2481 1306 2540; x_wconf 89' lang='lat' dir='ltr'>colorem</span> <span class='ocrx_word' id='word_1_136' title='bbox 1335 2480 1485 2556; x_wconf 89' lang='lat' dir='ltr'>exhibet;</span> 
     </span>
     <span class='ocr_line' id='line_1_19' title="bbox 340 2580 1486 2658; baseline -0.001 -17"><span class='ocrx_word' id='word_1_137' title='bbox 340 2580 575 2641; x_wconf 86' lang='lat' dir='ltr'>Ebsbamensis</span> <span class='ocrx_word' id='word_1_138' title='bbox 603 2597 666 2640; x_wconf 93' lang='lat' dir='ltr'>non</span> <span class='ocrx_word' id='word_1_139' title='bbox 683 2581 773 2655; x_wconf 87' lang='lat' dir='ltr'>item,</span> <span class='ocrx_word' id='word_1_140' title='bbox 791 2580 847 2641; x_wconf 91' lang='lat' dir='ltr'>sed</span> <span class='ocrx_word' id='word_1_141' title='bbox 865 2584 1015 2640; x_wconf 89' lang='lat' dir='ltr'>remanet</span> <span class='ocrx_word' id='word_1_142' title='bbox 1030 2580 1144 2640; x_wconf 88' lang='lat' dir='ltr'>eadem</span> <span class='ocrx_word' id='word_1_143' title='bbox 1162 2597 1258 2658; x_wconf 86' lang='lat' dir='ltr'>aquae</span> <span class='ocrx_word' id='word_1_144' title='bbox 1272 2597 1369 2658; x_wconf 91' lang='lat' dir='ltr'>quam</span> <span class='ocrx_word' id='word_1_145' title='bbox 1387 2583 1486 2640; x_wconf 87' lang='lat' dir='ltr'>antea</span> 
     </span>
     <span class='ocr_line' id='line_1_20' title="bbox 337 2679 1486 2760; baseline -0.001 -19"><span class='ocrx_word' id='word_1_146' title='bbox 337 2681 565 2760; x_wconf 80' lang='lat' dir='ltr'>perspicuitas,</span> <span class='ocrx_word' id='word_1_147' title='bbox 613 2679 811 2760; x_wconf 87' lang='lat' dir='ltr'>Chrystalli,</span> <span class='ocrx_word' id='word_1_148' title='bbox 828 2696 903 2758; x_wconf 84' lang='lat' dir='ltr'>quae</span> <span class='ocrx_word' id='word_1_149' title='bbox 919 2697 959 2740; x_wconf 93' lang='lat' dir='ltr'>ex</span> <span class='ocrx_word' id='word_1_150' title='bbox 977 2681 1146 2758; x_wconf 89' lang='lat' dir='ltr'>utriusque</span> <span class='ocrx_word' id='word_1_151' title='bbox 1163 2682 1324 2742; x_wconf 90' lang='lat' dir='ltr'>solutione</span> <span class='ocrx_word' id='word_1_152' title='bbox 1341 2686 1416 2760; x_wconf 91' lang='lat' dir='ltr'>post</span> <span class='ocrx_word' id='word_1_153' title='bbox 1431 2697 1486 2740; x_wconf 92' lang='lat' dir='ltr'>ex·</span> 
     </span>
     <span class='ocr_line' id='line_1_21' title="bbox 339 2779 1487 2858; baseline -0.001 -17"><span class='ocrx_word' id='word_1_154' title='bbox 339 2782 540 2842; x_wconf 90' lang='lat' dir='ltr'>balationem</span> <span class='ocrx_word' id='word_1_155' title='bbox 559 2786 788 2858; x_wconf 91' lang='lat' dir='ltr'>concrescunt,</span> <span class='ocrx_word' id='word_1_156' title='bbox 807 2782 893 2842; x_wconf 89' lang='lat' dir='ltr'>haud</span> <span class='ocrx_word' id='word_1_157' title='bbox 911 2783 1049 2842; x_wconf 89' lang='lat' dir='ltr'>multum</span> <span class='ocrx_word' id='word_1_158' title='bbox 1071 2779 1265 2842; x_wconf 80' lang='lat' dir='ltr'>differentiae</span> <span class='ocrx_word' id='word_1_159' title='bbox 1292 2783 1397 2857; x_wconf 88' lang='lat' dir='ltr'>alunt,</span> <span class='ocrx_word' id='word_1_160' title='bbox 1427 2781 1487 2841; x_wconf 89' lang='lat' dir='ltr'>nisi</span> 
     </span>
     <span class='ocr_line' id='line_1_22' title="bbox 339 2881 1487 2961; baseline 0 -19"><span class='ocrx_word' id='word_1_161' title='bbox 339 2882 425 2960; x_wconf 94' lang='lat' dir='ltr'>quod</span> <span class='ocrx_word' id='word_1_162' title='bbox 442 2881 663 2961; x_wconf 84' lang='lat' dir='ltr'>Epsonienses</span> <span class='ocrx_word' id='word_1_163' title='bbox 691 2883 832 2960; x_wconf 89' lang='lat' dir='ltr'>majores</span> <span class='ocrx_word' id='word_1_164' title='bbox 848 2882 914 2942; x_wconf 88' lang='lat' dir='ltr'>sint</span> <span class='ocrx_word' id='word_1_165' title='bbox 939 2898 976 2942; x_wconf 92' lang='lat' dir='ltr'>ac</span> <span class='ocrx_word' id='word_1_166' title='bbox 1004 2882 1217 2961; x_wconf 91' lang='lat' dir='ltr'>speciosiores</span> <span class='ocrx_word' id='word_1_167' title='bbox 1234 2883 1317 2943; x_wconf 90' lang='lat' dir='ltr'>nitro</span> <span class='ocrx_word' id='word_1_168' title='bbox 1333 2882 1487 2960; x_wconf 89' lang='lat' dir='ltr'>quodam·</span> 
     </span>
     <span class='ocr_line' id='line_1_23' title="bbox 340 2981 1487 3066; baseline -0.001 -23"><span class='ocrx_word' id='word_1_169' title='bbox 340 2982 435 3043; x_wconf 92' lang='lat' dir='ltr'>modo</span> <span class='ocrx_word' id='word_1_170' title='bbox 452 2983 586 3045; x_wconf 89' lang='lat' dir='ltr'>similes.</span> <span class='ocrx_word' id='word_1_171' title='bbox 633 2981 688 3066; x_wconf 88' lang='lat' dir='ltr'>Sal</span> <span class='ocrx_word' id='word_1_172' title='bbox 705 2983 919 3062; x_wconf 85' lang='lat' dir='ltr'>Epsomense,</span> <span class='ocrx_word' id='word_1_173' title='bbox 943 2999 1000 3061; x_wconf 94' lang='lat' dir='ltr'>per</span> <span class='ocrx_word' id='word_1_174' title='bbox 1015 2983 1138 3060; x_wconf 90' lang='lat' dir='ltr'>aliquot</span> <span class='ocrx_word' id='word_1_175' title='bbox 1154 2983 1269 3043; x_wconf 89' lang='lat' dir='ltr'>diesin</span> <span class='ocrx_word' id='word_1_176' title='bbox 1285 2981 1419 3044; x_wconf 87' lang='lat' dir='ltr'>fornace</span> <span class='ocrx_word' id='word_1_177' title='bbox 1435 2999 1487 3042; x_wconf 91' lang='lat' dir='ltr'>ca·</span> 
     </span>
     <span class='ocr_line' id='line_1_24' title="bbox 340 3083 1489 3163; baseline -0.001 -20"><span class='ocrx_word' id='word_1_178' title='bbox 340 3083 402 3144; x_wconf 94' lang='lat' dir='ltr'>lido</span> <span class='ocrx_word' id='word_1_179' title='bbox 419 3083 603 3160; x_wconf 87' lang='lat' dir='ltr'>detentum,</span> <span class='ocrx_word' id='word_1_180' title='bbox 621 3101 750 3144; x_wconf 92' lang='lat' dir='ltr'>omnem</span> <span class='ocrx_word' id='word_1_181' title='bbox 768 3084 901 3163; x_wconf 92' lang='lat' dir='ltr'>deponit</span> <span class='ocrx_word' id='word_1_182' title='bbox 916 3083 1188 3162; x_wconf 83' lang='lat' dir='ltr'>pelluciditatem,</span> <span class='ocrx_word' id='word_1_183' title='bbox 1215 3089 1314 3160; x_wconf 90' lang='lat' dir='ltr'>atque</span> <span class='ocrx_word' id='word_1_184' title='bbox 1337 3083 1489 3144; x_wconf 87' lang='lat' dir='ltr'>exteriori</span> 
     </span>
     <span class='ocr_line' id='line_1_25' title="bbox 339 3182 1488 3262; baseline 0 -18"><span class='ocrx_word' id='word_1_185' title='bbox 339 3200 467 3261; x_wconf 92' lang='lat' dir='ltr'>quoque</span> <span class='ocrx_word' id='word_1_186' title='bbox 483 3182 567 3244; x_wconf 83' lang='lat' dir='ltr'>facie</span> <span class='ocrx_word' id='word_1_187' title='bbox 584 3183 764 3245; x_wconf 90' lang='lat' dir='ltr'>Sedlicensi</span> <span class='ocrx_word' id='word_1_188' title='bbox 781 3185 884 3245; x_wconf 87' lang='lat' dir='ltr'>simile</span> <span class='ocrx_word' id='word_1_189' title='bbox 901 3183 1025 3245; x_wconf 91' lang='lat' dir='ltr'>evadit.</span> <span class='ocrx_word' id='word_1_190' title='bbox 1072 3184 1118 3243; x_wconf 83' lang='lat' dir='ltr'>Ex</span> <span class='ocrx_word' id='word_1_191' title='bbox 1141 3183 1261 3261; x_wconf 91' lang='lat' dir='ltr'>quibus</span> <span class='ocrx_word' id='word_1_192' title='bbox 1277 3186 1363 3243; x_wconf 88' lang='lat' dir='ltr'>clare</span> <span class='ocrx_word' id='word_1_193' title='bbox 1379 3189 1488 3262; x_wconf 89' lang='lat' dir='ltr'>pates·</span> 
     </span>
     <span class='ocr_line' id='line_1_26' title="bbox 338 3283 1488 3362; baseline -0.001 -17"><span class='ocrx_word' id='word_1_194' title='bbox 338 3285 392 3361; x_wconf 90' lang='lat' dir='ltr'>cit,</span> <span class='ocrx_word' id='word_1_195' title='bbox 411 3283 601 3345; x_wconf 89' lang='lat' dir='ltr'>Sedlicense</span> <span class='ocrx_word' id='word_1_196' title='bbox 617 3289 651 3345; x_wconf 90' lang='lat' dir='ltr'>et</span> <span class='ocrx_word' id='word_1_197' title='bbox 668 3285 896 3346; x_wconf 85' lang='lat' dir='ltr'>Ebsbamense</span> <span class='ocrx_word' id='word_1_198' title='bbox 909 3286 955 3345; x_wconf 88' lang='lat' dir='ltr'>sal</span> <span class='ocrx_word' id='word_1_199' title='bbox 970 3286 1106 3345; x_wconf 92' lang='lat' dir='ltr'>multum</span> <span class='ocrx_word' id='word_1_200' title='bbox 1122 3285 1233 3362; x_wconf 91' lang='lat' dir='ltr'>utique</span> <span class='ocrx_word' id='word_1_201' title='bbox 1245 3285 1488 3345; x_wconf 81' lang='lat' dir='ltr'>convenientiae</span> 
     </span>
    </p>
   </div>
   <div class='ocr_carea' id='block_1_3' title="bbox 233 3385 1488 3465">
    <p class='ocr_par' dir='ltr' id='par_1_3' title="bbox 233 3385 1488 3465">
     <span class='ocr_line' id='line_1_27' title="bbox 233 3385 1488 3465; baseline -0.002 -18"><span class='ocrx_word' id='word_1_202' title='bbox 233 3415 236 3422; x_wconf 96' lang='lat'>·</span> <span class='ocrx_word' id='word_1_203' title='bbox 338 3387 438 3462; x_wconf 90' lang='lat' dir='ltr'>alere,</span> <span class='ocrx_word' id='word_1_204' title='bbox 456 3390 523 3446; x_wconf 90' lang='lat' dir='ltr'>tam</span> <span class='ocrx_word' id='word_1_205' title='bbox 540 3386 647 3462; x_wconf 89' lang='lat' dir='ltr'>quoad</span> <span class='ocrx_word' id='word_1_206' title='bbox 663 3387 829 3447; x_wconf 90' lang='lat' dir='ltr'>elementa</span> <span class='ocrx_word' id='word_1_207' title='bbox 855 3390 889 3446; x_wconf 91' lang='lat' dir='ltr'>et</span> <span class='ocrx_word' id='word_1_208' title='bbox 911 3385 1079 3464; x_wconf 89' lang='lat' dir='ltr'>principia,</span> <span class='ocrx_word' id='word_1_209' title='bbox 1096 3402 1193 3463; x_wconf 89' lang='lat' dir='ltr'>quam</span> <span class='ocrx_word' id='word_1_210' title='bbox 1211 3385 1350 3447; x_wconf 89' lang='lat' dir='ltr'>indolem</span> <span class='ocrx_word' id='word_1_211' title='bbox 1369 3387 1488 3465; x_wconf 90' lang='lat' dir='ltr'>ipsam-</span> 
     </span>
    </p>
   </div>
   <div class='ocr_carea' id='block_1_4' title="bbox 337 3486 1491 4576">
    <p class='ocr_par' dir='ltr' id='par_1_4' title="bbox 337 3486 598 3564">
     <span class='ocr_line' id='line_1_28' title="bbox 337 3486 598 3564; baseline 0.011 -19"><span class='ocrx_word' id='word_1_212' title='bbox 337 3487 413 3564; x_wconf 92' lang='lat' dir='ltr'>que¹</span> <span class='ocrx_word' id='word_1_213' title='bbox 431 3486 598 3549; x_wconf 88' lang='lat' dir='ltr'>virtutem.</span> 
     </span>
    </p>

    <p class='ocr_par' dir='ltr' id='par_1_5' title="bbox 339 3585 1491 4576">
     <span class='ocr_line' id='line_1_29' title="bbox 382 3585 1489 3666; baseline -0.001 -18"><span class='ocrx_word' id='word_1_214' title='bbox 382 3585 414 3648; x_wconf 90' lang='lat' dir='ltr'>Si</span> <span class='ocrx_word' id='word_1_215' title='bbox 431 3604 509 3648; x_wconf 90' lang='lat' dir='ltr'>vero</span> <span class='ocrx_word' id='word_1_216' title='bbox 526 3589 626 3647; x_wconf 94' lang='lat' dir='ltr'>ullum</span> <span class='ocrx_word' id='word_1_217' title='bbox 644 3588 692 3647; x_wconf 89' lang='lat' dir='ltr'>sal</span> <span class='ocrx_word' id='word_1_218' title='bbox 708 3593 779 3648; x_wconf 88' lang='lat' dir='ltr'>arte</span> <span class='ocrx_word' id='word_1_219' title='bbox 795 3591 945 3666; x_wconf 87' lang='lat' dir='ltr'>palatum</span> <span class='ocrx_word' id='word_1_220' title='bbox 963 3587 1003 3647; x_wconf 91' lang='lat' dir='ltr'>ad</span> <span class='ocrx_word' id='word_1_221' title='bbox 1021 3591 1171 3647; x_wconf 89' lang='lat' dir='ltr'>naturam</span> <span class='ocrx_word' id='word_1_222' title='bbox 1189 3591 1223 3647; x_wconf 92' lang='lat' dir='ltr'>et</span> <span class='ocrx_word' id='word_1_223' title='bbox 1238 3587 1394 3647; x_wconf 91' lang='lat' dir='ltr'>virtutem</span> <span class='ocrx_word' id='word_1_224' title='bbox 1411 3589 1489 3647; x_wconf 89' lang='lat' dir='ltr'>salis</span> 
     </span>
     <span class='ocr_line' id='line_1_30' title="bbox 340 3687 1490 3750; baseline -0.001 -1"><span class='ocrx_word' id='word_1_225' title='bbox 340 3687 1490 3750; x_wconf 76' lang='lat' dir='ltr'>SedlicensisverenativietEbsbamensis²artifrcialisaccederevide·</span> 
     </span>
     <span class='ocr_line' id='line_1_31' title="bbox 340 3787 1490 3867; baseline 0 -17"><span class='ocrx_word' id='word_1_226' title='bbox 340 3795 405 3866; x_wconf 92' lang='lat' dir='ltr'>tur,</span> <span class='ocrx_word' id='word_1_227' title='bbox 429 3795 519 3850; x_wconf 85' lang='lat' dir='ltr'>certe</span> <span class='ocrx_word' id='word_1_228' title='bbox 546 3790 621 3849; x_wconf 94' lang='lat' dir='ltr'>illud</span> <span class='ocrx_word' id='word_1_229' title='bbox 649 3795 711 3866; x_wconf 89' lang='lat' dir='ltr'>est,</span> <span class='ocrx_word' id='word_1_230' title='bbox 737 3790 822 3867; x_wconf 92' lang='lat' dir='ltr'>quod</span> <span class='ocrx_word' id='word_1_231' title='bbox 852 3808 870 3848; x_wconf 91' lang='lat' dir='ltr'>a</span> <span class='ocrx_word' id='word_1_232' title='bbox 902 3787 1072 3850; x_wconf 91' lang='lat' dir='ltr'>Glaubero</span> <span class='ocrx_word' id='word_1_233' title='bbox 1103 3806 1222 3849; x_wconf 90' lang='lat' dir='ltr'>nomen</span> <span class='ocrx_word' id='word_1_234' title='bbox 1254 3793 1433 3863; x_wconf 90' lang='lat' dir='ltr'>mutuatur,</span> <span class='ocrx_word' id='word_1_235' title='bbox 1457 3794 1490 3850; x_wconf 94' lang='lat' dir='ltr'>et</span> 
     </span>
     <span class='ocr_line' id='line_1_32' title="bbox 340 3890 1489 3969; baseline -0.001 -18"><span class='ocrx_word' id='word_1_236' title='bbox 340 3908 381 3951; x_wconf 90' lang='lat' dir='ltr'>ex</span> <span class='ocrx_word' id='word_1_237' title='bbox 398 3891 470 3951; x_wconf 89' lang='lat' dir='ltr'>oleo</span> <span class='ocrx_word' id='word_1_238' title='bbox 486 3890 622 3950; x_wconf 89' lang='lat' dir='ltr'>victrioli</span> <span class='ocrx_word' id='word_1_239' title='bbox 639 3891 740 3951; x_wconf 91' lang='lat' dir='ltr'>diluto</span> <span class='ocrx_word' id='word_1_240' title='bbox 757 3895 790 3951; x_wconf 89' lang='lat' dir='ltr'>et</span> <span class='ocrx_word' id='word_1_241' title='bbox 816 3891 885 3950; x_wconf 88' lang='lat' dir='ltr'>sale</span> <span class='ocrx_word' id='word_1_242' title='bbox 911 3891 1088 3966; x_wconf 87' lang='lat' dir='ltr'>communi,</span> <span class='ocrx_word' id='word_1_243' title='bbox 1117 3890 1284 3950; x_wconf 90' lang='lat' dir='ltr'>abstracto</span> <span class='ocrx_word' id='word_1_244' title='bbox 1311 3891 1399 3969; x_wconf 90' lang='lat' dir='ltr'>prius</span> <span class='ocrx_word' id='word_1_245' title='bbox 1425 3891 1489 3951; x_wconf 92' lang='lat' dir='ltr'>leni</span> 
     </span>
     <span class='ocr_line' id='line_1_33' title="bbox 341 3991 1488 4072; baseline 0.001 -20"><span class='ocrx_word' id='word_1_246' title='bbox 341 3994 450 4053; x_wconf 88' lang='lat' dir='ltr'>calore</span> <span class='ocrx_word' id='word_1_247' title='bbox 466 4009 522 4072; x_wconf 91' lang='lat' dir='ltr'>per</span> <span class='ocrx_word' id='word_1_248' title='bbox 538 3992 733 4052; x_wconf 90' lang='lat' dir='ltr'>alembicum</span> <span class='ocrx_word' id='word_1_249' title='bbox 751 3991 866 4070; x_wconf 86' lang='lat' dir='ltr'>spiritu</span> <span class='ocrx_word' id='word_1_250' title='bbox 883 3991 961 4052; x_wconf 91' lang='lat' dir='ltr'>salis</span> <span class='ocrx_word' id='word_1_251' title='bbox 978 3995 1011 4052; x_wconf 91' lang='lat' dir='ltr'>et</span> <span class='ocrx_word' id='word_1_252' title='bbox 1037 3992 1188 4052; x_wconf 90' lang='lat' dir='ltr'>elutriato</span> <span class='ocrx_word' id='word_1_253' title='bbox 1215 3993 1321 4070; x_wconf 90' lang='lat' dir='ltr'>capite</span> <span class='ocrx_word' id='word_1_254' title='bbox 1337 3997 1488 4069; x_wconf 84' lang='lat' dir='ltr'>mortun,</span> 
     </span>
     <span class='ocr_line' id='line_1_34' title="bbox 339 4092 1490 4172; baseline -0.001 -18"><span class='ocrx_word' id='word_1_255' title='bbox 339 4099 484 4172; x_wconf 89' lang='lat' dir='ltr'>paratur.</span> <span class='ocrx_word' id='word_1_256' title='bbox 531 4093 587 4153; x_wconf 85' lang='lat' dir='ltr'>Est</span> <span class='ocrx_word' id='word_1_257' title='bbox 603 4093 680 4152; x_wconf 92' lang='lat' dir='ltr'>illud</span> <span class='ocrx_word' id='word_1_258' title='bbox 696 4093 839 4170; x_wconf 91' lang='lat' dir='ltr'>quidem,</span> <span class='ocrx_word' id='word_1_259' title='bbox 857 4092 966 4170; x_wconf 91' lang='lat' dir='ltr'>siquis</span> <span class='ocrx_word' id='word_1_260' title='bbox 978 4097 1134 4171; x_wconf 92' lang='lat' dir='ltr'>punctum</span> <span class='ocrx_word' id='word_1_261' title='bbox 1149 4093 1361 4154; x_wconf 77' lang='lat' dir='ltr'>salutationis</span> <span class='ocrx_word' id='word_1_262' title='bbox 1373 4098 1490 4154; x_wconf 87' lang='lat' dir='ltr'>exacte</span> 
     </span>
     <span class='ocr_line' id='line_1_35' title="bbox 339 4194 1491 4272; baseline 0.001 -18"><span class='ocrx_word' id='word_1_263' title='bbox 339 4195 495 4272; x_wconf 84' lang='lat' dir='ltr'>tetigerit,</span> <span class='ocrx_word' id='word_1_264' title='bbox 514 4195 629 4254; x_wconf 87' lang='lat' dir='ltr'>mediae</span> <span class='ocrx_word' id='word_1_265' title='bbox 647 4198 785 4270; x_wconf 87' lang='lat' dir='ltr'>naturae,</span> <span class='ocrx_word' id='word_1_266' title='bbox 803 4195 904 4253; x_wconf 87' lang='lat' dir='ltr'>amari</span> <span class='ocrx_word' id='word_1_267' title='bbox 920 4194 1057 4272; x_wconf 86' lang='lat' dir='ltr'>saporis,</span> <span class='ocrx_word' id='word_1_268' title='bbox 1075 4195 1205 4254; x_wconf 89' lang='lat' dir='ltr'>virtutis</span> <span class='ocrx_word' id='word_1_269' title='bbox 1220 4211 1349 4272; x_wconf 88' lang='lat' dir='ltr'>quoque</span> <span class='ocrx_word' id='word_1_270' title='bbox 1366 4197 1491 4255; x_wconf 87' lang='lat' dir='ltr'>abster-</span> 
     </span>
     <span class='ocr_line' id='line_1_36' title="bbox 341 4295 1489 4374; baseline 0.001 -19"><span class='ocrx_word' id='word_1_271' title='bbox 341 4297 422 4355; x_wconf 86' lang='lat' dir='ltr'>sivae</span> <span class='ocrx_word' id='word_1_272' title='bbox 453 4301 486 4357; x_wconf 91' lang='lat' dir='ltr'>et</span> <span class='ocrx_word' id='word_1_273' title='bbox 516 4295 719 4372; x_wconf 80' lang='lat' dir='ltr'>catharticae3</span> <span class='ocrx_word' id='word_1_274' title='bbox 753 4299 914 4371; x_wconf 89' lang='lat' dir='ltr'>attamen,</span> <span class='ocrx_word' id='word_1_275' title='bbox 944 4313 977 4356; x_wconf 89' lang='lat' dir='ltr'>re</span> <span class='ocrx_word' id='word_1_276' title='bbox 1002 4295 1135 4374; x_wconf 91' lang='lat' dir='ltr'>propius</span> <span class='ocrx_word' id='word_1_277' title='bbox 1162 4296 1257 4374; x_wconf 88' lang='lat' dir='ltr'>paulo</span> <span class='ocrx_word' id='word_1_278' title='bbox 1284 4297 1444 4374; x_wconf 84' lang='lat' dir='ltr'>inspecta,</span> <span class='ocrx_word' id='word_1_279' title='bbox 1471 4315 1489 4356; x_wconf 86' lang='lat' dir='ltr'>a</span> 
     </span>
     <span class='ocr_line' id='line_1_37' title="bbox 340 4393 1490 4475; baseline -0.001 -18"><span class='ocrx_word' id='word_1_280' title='bbox 340 4395 521 4457; x_wconf 89' lang='lat' dir='ltr'>Sedlicensi</span> <span class='ocrx_word' id='word_1_281' title='bbox 538 4401 571 4457; x_wconf 89' lang='lat' dir='ltr'>et</span> <span class='ocrx_word' id='word_1_282' title='bbox 589 4396 785 4474; x_wconf 77' lang='lat' dir='ltr'>Epsomensi‘</span> <span class='ocrx_word' id='word_1_283' title='bbox 797 4413 860 4456; x_wconf 94' lang='lat' dir='ltr'>non</span> <span class='ocrx_word' id='word_1_284' title='bbox 877 4414 990 4474; x_wconf 90' lang='lat' dir='ltr'>parum</span> <span class='ocrx_word' id='word_1_285' title='bbox 1007 4393 1127 4457; x_wconf 82' lang='lat' dir='ltr'>differt.</span> <span class='ocrx_word' id='word_1_286' title='bbox 1173 4395 1275 4475; x_wconf 85' lang='lat' dir='ltr'>Sapor</span> <span class='ocrx_word' id='word_1_287' title='bbox 1292 4397 1377 4457; x_wconf 88' lang='lat' dir='ltr'>enim</span> <span class='ocrx_word' id='word_1_288' title='bbox 1397 4397 1490 4474; x_wconf 84' lang='lat' dir='ltr'>longe</span> 
     </span>
     <span class='ocr_line' id='line_1_38' title="bbox 340 4495 1491 4576; baseline 0.001 -17"><span class='ocrx_word' id='word_1_289' title='bbox 340 4498 492 4559; x_wconf 90' lang='lat' dir='ltr'>acerbius</span> <span class='ocrx_word' id='word_1_290' title='bbox 517 4498 660 4576; x_wconf 85' lang='lat' dir='ltr'>linguam</span> <span class='ocrx_word' id='word_1_291' title='bbox 687 4495 762 4558; x_wconf 86' lang='lat' dir='ltr'>ierit</span> <span class='ocrx_word' id='word_1_292' title='bbox 788 4514 826 4557; x_wconf 90' lang='lat' dir='ltr'>ac</span> <span class='ocrx_word' id='word_1_293' title='bbox 853 4496 1053 4559; x_wconf 87' lang='lat' dir='ltr'>Sedlicensis</span> <span class='ocrx_word' id='word_1_294' title='bbox 1080 4503 1113 4558; x_wconf 90' lang='lat' dir='ltr'>et</span> <span class='ocrx_word' id='word_1_295' title='bbox 1131 4496 1394 4574; x_wconf 79' lang='lat' dir='ltr'>Ebshamensi5,³</span> <span class='ocrx_word' id='word_1_296' title='bbox 1417 4499 1491 4561; x_wconf 89' lang='lat' dir='ltr'>licet</span> 
     </span>
    </p>
   </div>
   <div class='ocr_carea' id='block_1_5' title="bbox 0 0 1741 5300">
    <p class='ocr_par' dir='ltr' id='par_1_6' title="bbox 0 0 1741 5300">
     <span class='ocr_line' id='line_1_39' title="bbox 0 0 1741 5300; baseline 0 0"><span class='ocrx_word' id='word_1_297' title='bbox 0 0 1741 5300; x_wconf 95' lang='lat' dir='ltr'> </span> 
     </span>
    </p>
   </div>
  </div>
 </body>
</html>
