3524 5314
552 733 729 798 MONTES
756 734 901 798 SALINI
923 734 1175 798 HUNGARIAE
1398 750 1436 810 19
1503 801 1506 807 ,

285 919 505 979 communicat
531 919 670 979 colorem
698 936 793 979 suum
822 936 893 980 cum
922 921 1002 982 sale.
1050 919 1172 981 Praeter
1199 920 1268 980 haec
1295 937 1431 998 genera,

288 1021 433 1099 quartum
456 1019 553 1080 etiam
579 1020 686 1094 datur,
713 1024 766 1079 est
789 1019 873 1080 enirn
899 1020 1094 1097 pellucidum
1122 1021 1226 1080 instar
1249 1021 1433 1099 chrystalli,

288 1120 372 1198 quod
399 1121 497 1181 etiam
526 1119 668 1180 salituris
693 1119 842 1194 inservit,
871 1125 986 1196 estque
1009 1121 1187 1198 genuinum
1212 1123 1259 1181 sal
1283 1137 1434 1198 gemmae.

290 1221 374 1281 luter
391 1221 537 1280 ultimam
555 1221 638 1280 banc
663 1220 804 1298 speciem
828 1220 994 1306 invenitur
1018 1213 1116 1281 etiam
1139 1221 1223 1299 quod
1247 1222 1363 1283 coloris
1385 1227 1436 1283 est

288 1319 431 1396 caerulei,
449 1319 570 1396 viridis,
589 1321 678 1395 lutei,
704 1321 820 1395 citrini,
846 1321 931 1380 rubri
955 1325 1033 1394 etc„
1058 1322 1115 1382 sed
1139 1338 1213 1382 cum
1238 1323 1374 1383 solvitur
1403 1327 1437 1383 et

288 1421 567 1499 chrystallisatur,
602 1420 744 1481 redditur
768 1421 938 1481 candidum
966 1425 1000 1481 et
1029 1420 1131 1482 simile
1155 1422 1331 1500 generibus
1353 1423 1434 1484 aliis¹

288 1521 377 1582 salis.

331 1622 406 1682 Haec
422 1627 561 1699 quatuor
577 1621 704 1701 species
719 1621 797 1682 salis
813 1621 1026 1682 inveniuntur
1042 1622 1164 1697 statim,
1182 1623 1316 1698 scilicet,
1335 1641 1434 1684 unum

288 1741 392 1801 genus
415 1740 513 1800 supra
536 1723 687 1783 alterum.
748 1721 989 1783 Exscinduntur
1023 1721 1097 1782 inde
1125 1720 1229 1784 frusta
1258 1725 1378 1802 maj0ra
1402 1729 1436 1785 et

289 1823 423 1884 minora.
470 1822 604 1884 Redirus
635 1840 675 1882 ex
703 1822 752 1882 bis
779 1821 890 1882 salinis
913 1822 1094 1882 aestimatur
1119 1837 1244 1899 3o,000,
1270 1823 1434 1902 Styclrron

290 1925 393 1984 Acten
409 1923 596 2000 quotannis

330 2011 419 2084 Alias
445 2024 627 2094 aestimatur
649 2024 695 2084 sal
719 2040 859 2101 gemmae
883 2023 1013 2102 majoris
1036 2023 1128 2102 pretii
1151 2025 1177 2083 si
1200 2024 1242 2084 sit
1265 2024 1296 2085 in
1320 2024 1435 2088 frustis

288 2122 491 2201 majusculis
516 2125 611 2185 claris
634 2128 668 2184 et
697 2124 877 2202 pellucidiS,
902 2124 1051 2201 quodque
1074 2123 1169 2184 facile
1193 2126 1294 2203 possit
1316 2125 1433 2206 frangi,

288 2241 427 2302 cumque
453 2223 623 2302 frangitur,
641 2225 727 2302 quod
749 2225 780 2284 in
810 2224 915 2285 frusta
938 2224 1053 2303 pusilla
1076 2225 1235 2301 quadrata
1257 2226 1434 2292 dividatur.

289 2324 341 2387 Sal
360 2327 418 2386 boc
442 2327 586 2386 rubescit
608 2325 648 2385 ad
672 2325 778 2403 ignem
802 2330 958 2402 tanquam
983 2323 1117 2400 ferrum,
1142 2331 1175 2387 et
1197 2325 1293 2387 facile
1310 2328 1340 2388 in
1357 2347 1434 2390 aere

287 2426 494 2502 dissolvitur3
526 2443 629 2503 usque
659 2435 771 2486 tamen
802 2443 820 2486 a
850 2424 1044 2503 quibusdam
1076 2426 1216 2497 lavatur,
1246 2429 1372 2492 ,scilicet
1399 2435 1435 2491 ut

288 2528 495 2606 perspicuum
512 2527 613 2605 magis
629 2527 794 2602 reddatur,
811 2526 868 2586 sed
885 2525 1072 2586 siccandum
1089 2530 1140 2586 est
1155 2528 1280 2590 statim.

331 2627 375 2688 lbi
391 2628 437 2688 sal
454 2629 514 2688 boc
530 2644 670 2705 gemmae
693 2627 724 2688 in
750 2628 856 2687 varias
878 2626 999 2704 figuras
1023 2625 1167 2703 frngitur,
1193 2634 1227 2688 ur
1251 2630 1281 2689 in
1305 2647 1434 2691 crucem

288 2729 464 2804 s'anctam,²
479 2729 678 2808 papistarum
696 2735 828 2806 torques
843 2745 942 2806 quum
959 2731 1099 2806 globulis
1115 2747 1230 2808 preces
1247 2737 1433 2811 numerant,

287 2829 434 2890 foliorum
451 2829 631 2906 florumque
647 2829 856 2906 simulachra;
870 2847 953 2906 quas
969 2830 1128 2908 imagines
1144 2831 1204 2891 sali
1218 2834 1435 2908 gemmae-sub

288 2934 387 3006 terra,
406 2929 459 2990 ubi
476 2930 599 2990 mollior
616 2934 668 2991 est
683 2947 779 3007 quam
796 2931 827 2991 in
845 2931 945 2992 libero
962 2949 1050 3006 aere,
1065 2932 1163 2992 certis
1176 2932 1313 2993 modulis
1326 2933 1436 2992 dicun·

288 3036 339 3091 tur
366 3031 561 3110 imprimere,
593 3046 780 3108 quanquam
812 3031 973 3092 interdurn
1005 3036 1122 3110 sponte
1148 3049 1207 3092 sua
1234 3033 1265 3092 in
1292 3033 1434 3110 speciem

288 3131 407 3211 spineti
423 3131 568 3208 aliasque
584 3129 706 3208 figuras
722 3131 952 3209 progerminat,
968 3132 1054 3192 unde
1070 3132 1168 3193 riores
1184 3132 1261 3193 salis
1274 3133 1434 3197 existunt.

838 3399 887 3460 Vl.

554 3566 733 3630 MONTES
758 3566 894 3628 SALlNl
920 3566 1173 3630 HUNGARIAE.

333 3737 551 3816 Reperiuntur
568 3737 598 3795 in
617 3735 781 3796 montibus
798 3736 851 3813 qui
865 3735 988 3795 distant
1001 3736 1084 3795 abus
1101 3736 1289 3796 milliaribus
1303 3739 1343 3798 ab
1359 3740 1438 3798 urbe

291 3837 446 3917 Eperies',
473 3838 550 3897 urbs
571 3842 623 3896 est
648 3836 823 3897 comitatus
855 3838 892 3897 de
916 3833 1025 3896 Saros⁴
1058 3853 1121 3896 non
1156 3839 1265 3916 procul
1293 3856 1310 3898 a
1337 3837 1437 3900 fluvio

292 3937 437 4014 Tarcza⁶,
460 3936 665 4015 profunditas
681 3941 732 3997 est
751 3949 805 4014 555
825 3937 986 3998 ulnarum.
1032 3935 1133 3997 Venae
1149 3941 1331 4026 sequuntur
1348 3946 1437 4000 certa

290 4039 440 4116 quaedam
464 4043 568 4099 strata
593 4054 655 4098 non
679 4037 771 4097 aliter
794 4053 891 4122 quarn
916 4038 1023 4097 solent
1046 4037 1190 4112 metalla,
1215 4042 1356 4116 suntque
1379 4040 1438 4100 cir-

289 4139 452 4199 cumdatae
481 4146 567 4199 terra
599 4155 661 4198 non
687 4155 765 4198 vero
790 4142 893 4216 petra.
940 4137 1042 4198 Venae
1072 4137 1124 4197 hae
1151 4138 1202 4197 vel
1233 4142 1335 4198 strata
1360 4145 1438 4200 sunt

290 4239 463 4300 admodum
480 4255 605 4316 crassa,
623 4243 656 4299 et
671 4239 862 4300 obtinentur
879 4239 981 4299 moles
1004 4239 1174 4316 plusquam
1201 4252 1261 4315 300
1282 4243 1437 4300 centena-

292 4340 410 4401 riorum
449 4339 603 4418 pondere,
642 4356 715 4415 quae
752 4342 864 4399 tamen
903 4355 1006 4416 usque
1044 4338 1233 4416 rediguntur
1263 4338 1294 4397 in
1325 4343 1437 4417 partes

291 4441 468 4517 quadratas
497 4440 698 4518 longitudine
714 4455 734 4500 2
750 4439 882 4518 pedum,
899 4443 933 4500 et
949 4438 1098 4499 crassitie
1122 4438 1230 4512 uniuS,
1255 4438 1378 4499 scilicet
1402 4445 1437 4501 ut

292 4558 331 4602 eo
344 4541 459 4602 melius
476 4541 639 4619 exportari
653 4540 779 4620 possint
797 4557 814 4600 e
834 4539 955 4602 fodina.
997 4537 1110 4615 Quum
1133 4537 1242 4615 itaque
1264 4544 1436 4618 exportata
